3904 6362
472 346 574 403 ’151
1196 337 1558 397 ΑΡΡΕΝΒΙΧ.
1597 337 1968 396 ADMOXITIO
2008 338 2061 394 Ib

2176 335 2661 407 JBSEQUENTEM
2698 335 2975 393 LIBRUM.

473 463 585 535 puli
627 461 1033 535 figuratiisun‘t,
1080 474 1239 535 unam
1280 469 1496 535 vestem
1522 473 1550 511 a
1590 466 1741 527 tergo
1769 464 2061 526 portantes,

474 529 866 589 sacramentum
906 530 1110 584 scilicet
1144 530 1252 599 jam
1290 529 1569 598 praeterita:
1599 538 1756 597 atque
1786 537 2065 581 transacto

476 605 760 661 dominica:
782 603 1045 672 passionis
1070 619 1087 672 :7
1108 601 1396 654 nuditatem
1422 601 1586 668 patris
1612 608 1865 672 tegentes.
1892 613 2066 667 neque

479 677 745 731 intuentes
766 671 905 741 ,iqui
946 673 995 725 in
1031 671 1228 725 Christi
1262 686 1448 725 necem
1480 686 1583 725 non
1615 671 1982 741 consentiunt,
2012 677 2067 722 et

476 760 597 801 eum
627 739 887 797 honorant
911 743 1231 807 velamento,
1261 749 1508 811 tanquam
1536 741 1765 811 scientes
1792 739 1931 794 unde
1958 741 2067 793 sint

476 817 606 870 nali.
640 813 842 868 Medius
888 814 1061 879 filius,
1110 812 1161 866 id
1206 821 1289 867 est
1328 810 1557 883 populus
1583 810 1888 883 Judzeorum
1921 811 2065 879 (ideo

474 884 704 951 medius,
735 886 854 955 quia
884 900 981 938 nec
1011 884 1296 955 primatum
1329 882 1703 955 Apostolorum
1734 882 1938 945 tenuit,
1967 896 2066 955 nec

473 958 693 1011 ultimus
723 952 775 1010 in
803 952 1050 1025 gentibus
1076 954 1324 1021 credidit)
1346 996 1360 1019 ,
1380 952 1521 1007 'vidit
1547 952 1838 1025 nuditatem
1875 952 2061 1025 patris,

475 1023 896 1099 quiaconsensit
919 1027 970 1079 in
997 1040 1180 1099 necem
1203 1025 1419 1099 Christi.
1446 1025 1510 1077 Iit
1532 1024 1791 1077 nuntiavit
1812 1023 2065 1099 fratribus

476 1093 608 1152 suis.
652 1098 756 1152 Per
793 1112 913 1151 eum
953 1096 1145 1167 quippe
1186 1094 1580 1167 manifestatum
1617 1104 1699 1167 est
1742 1103 1796 1148 et
1833 1093 2063 1162 quodam

475 1167 637 1223 modo
683 1165 1004 1237 publicatum
1028 1165 1054 1229 ,7
1082 1165 1229 1237 quod
1277 1176 1392 1220 erat
1438 1165 1729 1237 prophetite
1755 1175 2061 1237 secretum.

475 1234 708 1307 Ideoque
752 1240 812 1292 fit
857 1238 1076 1292 fratrum
1105 1234 1341 1291 'suorum
1389 1234 1591 1307 servus.
1630 1234 1770 1307 Quid
1800 1243 1892 1307 est
1920 1236 2063 1289 enim

474 1303 804 1363 aliud'hodie
841 1324 971 1379 gens
1000 1309 1111 1379 ipsa
1132 1350 1147 1372 ,
1180 1307 1279 1379 nisi
1315 1303 2060 1379 scriniariaChristianorum,

476 1390 696 1449 portans
739 1377 932 1449 Legem
975 1388 1029 1433 et
1069 1378 1361 1449 Prophetas
1398 1377 1465 1430 ad
1499 1377 1857 1430 testimonium
1889 1391 2063 1430 asser-

475 1447 636 1505 tionis
664 1447 936 1515 Ecclesiae,
967 1459 1024 1503 ut
1052 1465 1150 1503 nos
1178 1447 1501 1503 honoremus
1527 1462 1623 1517 per
1646 1456 2058 1512 sacramentum,

475 1522 615 1591 quod
644 1521 987 1591 nuntiantilli
1021 1520 1403 1591 perlitteram?

546 1594 760 1659 Qumsr.‘
792 1590 947 1645 LXII.
998 1587 1131 1657 Quid
1177 1590 1435 1659 signiﬁcat
1476 1589 1615 1659 quod
1656 1588 1787 1643 dixit
1825 1588 1967 1643 Deus
1996 1587 2062 1642 ad

473 1662 741 1716 Abraham
760 1703 774 1727 ,
808 1660 1064 1732 Egredere
1091 1661 1308 1732 de_terra
1334 1670 1440 1726 tua,
1474 1669 1518 1732 et
1546 1661 1607 1715 de
1634 1660 1928 1731 cognatione
1953 1669 2060 1726 tua,

473 1742 522 1787 et
552 1734 614 1786 de
641 1733 789 1786 domo
819 1729 978 1801 patris
1004 1735 1077 1786 tui
1104 1729 1261 1800 (Gen.
1287 1747 1384 1797 xu,
1405 1730 1497 1800 I)?

551 1804 709 1858 lisse.
750 1799 1016 1857 Abraham
1062 1799 1342 1871 personam
1386 1799 1579 1855 Christi
1623 1801 1883 1871 portabat.
1915 1799 2063 1855 Sicut

476 1874 617 1928 enim
646 1873 911 1929 Abraham
944 1881 1143 1927 terram
1182 1884 1235 1926 et
1269 1872 1635 1941 cognationem
1663 1887 1811 1925 suam
1839 1872 2057 1938 dimisit,

473 1953 530 2000 et
558 1944 773 1998 domum
802 1944 966 2011 patris
993 1944 1107 2008 sui,
1141 1952 1194 1997 et
1228 1945 1373 1997 venit
1412 1943 1462 1995 in
1500 1954 1694 1997 terram
1722 1957 1878 2011 quam
1908 1943 2063 2011 igno-

472 2015 625 2068 rabat
654 2032 666 2066 ε
700 2016 766 2067 ita
798 2023 852 2068 et
883 2012 1123 2067 Christus
1158 2012 1358 2067 dimisit
1394 2022 1604 2082 gentem
1635 2028 1784 2066 suam
1805 2053 1819 2075 ,
1858 2014 2061 2067 scilicet

472 2083 812 2149 Judaaorum,
846 2092 899 2137 et
928 2084 1070 2137 venit
1105 2083 1169 2137 ad
1202 2083 1452 2152 populum
1489 2084 1757 2137 Gentium.
1792 2082 1888 2137 IIie
1930 2093 2064 2137 tem-

475 2156 676 2224 poralis
697 2155 996 2223 explanatio
1020 2154 1121 2207 hoc
1142 2152 1302 2224 habet
1325 2171 1337 2205 :
1365 2154 1633 2208 moraliter
1656 2164 1831 2208 autem
1855 2154 2060 2209 eximus

473 2223 542 2279 de
570 2233 708 2279 terra
738 2234 919 2278 nostra
942 2225 981 2289 ί,
1023 2223 1234 2293 quando
1275 2224 1482 2278 divitias
1513 2233 1565 2278 et
1590 2224 1770 2278 mundi
1802 2224 1954 2293 hujus
1982 2225 2061 2278 fa-

472 2296 700 2351 cultates
741 2294 1168 2359 contemnimus;
1201 2302 1256 2349 et
1291 2294 1358 2349 de
1394 2294 1709 2365 cognatione
1751 2303 1963 2362 nostra,
2006 2295 2060 2350 id

471 2376 575 2433 est,
604 2366 671 2420 de
698 2365 842 2419 vitiis
870 2365 1133 2434 prioribus
1153 2406 1167 2428 ,
1194 2380 1311 2433 qute
1340 2366 1494 2419 nobis
1522 2380 1551 2417 a
1582 2366 1853 2419 nativitate
1880 2375 2059 2420 nostra

473 2437 816 2502 cohmrcntia,
841 2436 986 2489 velut
1004 2434 1259 2489 affinitate
1280 2436 1505 2505 quadam
1529 2444 1581 2489 et
1600 2436 2060 2505 consanguinitate

471 2508 751 2575 conjuncta
795 2517 949 2572 sunt;
980 2516 1033 2561 et
1061 2505 1127 2559 de
1155 2505 1314 2559 domo
1344 2507 1508 2575 patris
1533 2505 1702 2560 nostri
1722 2548 1736 2570 ,
1769 2505 1821 2560 id
1848 2514 1957 2571 est,
1991 2507 2059 2563 de

473 2581 615 2631 omni
656 2576 910 2632 memoria
940 2575 1122 2631 mundi
1152 2575 1309 2646 hujus
1328 2618 1343 2644 ,
1376 2591 1493 2646 quae
1522 2577 1797 2631 oculorum
1828 2578 2061 2634 occurrit

470 2649 762 2703 obtutibus.

543 2721 761 2787 (313.551.
786 2718 968 2773 LXIII.
1001 2718 1141 2785 Quot
1166 2727 1288 2772 sunt
1312 2733 1503 2788 genera
1530 2718 1834 2773 visionum?

542 2791 703 2845 Rsse.
746 2790 889 2844 Tria.
920 2790 1096 2843 Prima
1127 2789 1261 2844 visio
1304 2798 1385 2845 est
1430 2790 1755 2859 corporalis;
1799 2790 2055 2857 secunda,

469 2861 798 2931 spiritualis;
835 2861 1008 2927 tertia,
1037 2860 1425 2931 intellectualis.
1455 2861 1758 2929 Corporalis
1778 2875 1902 2930 ergo
1924 2863 2060 2916 visio

469 2930 552 2986 est
578 2949 694 3002 qua:
724 2933 778 2985 fit
812 2946 908 3000 per
936 2944 1149 3000 corpus.
1182 2930 1502 3002 Spiritnalis,
1535 2946 1655 2985 cum
1686 2932 1941 3002 imagines
1968 2947 2061 2985 eo-

468 3000 731 3073 runrqna:
756 3003 1015 3065 videmus,
1044 3002 1097 3055 in
1127 3000 1700 3073 memoriacondimus.
1725 3000 2061 3056 Intellectua-

469 3073 536 3127 Iis
563 3071 771 3142 nempe,
798 3087 919 3127 cum
940 3088 1001 3126 ea
1027 3086 1145 3142 qua:
1164 3071 1773 3143 corporalitervidcmus
1798 3080 1851 3125 et
1874 3073 2059 3143 imagi-

469 3143 661 3198 naliter
689 3145 739 3197 in
767 3144 1024 3198 memoria
1051 3143 1363 3206 retinemus,
1386 3142 1652 3198 intellectu
1673 3142 2056 3210 discernimus;

468 3214 611 3284 quod
640 3214 766 3269 illud
800 3216 1101 3284 sitcorpus,
1138 3213 1267 3267 illud
1297 3213 1587 3267 similitudo
1616 3213 1877 3283 corporis.
1910 3214 2060 3269 lIunc

466 3283 645 3339 autem
691 3286 1013 3340 intellectum
1060 3283 1246 3339 bestia:
1294 3294 1347 3338 et
1393 3299 1583 3353 pecora
1625 3293 1785 3354 atque
1827 3285 2059 3340 volatilia

466 3357 772 3410 nullatenus
800 3355 1018 3410 habent.
1052 3354 1244 3410 Vident
1272 3356 1383 3425 ipsa
1416 3371 1510 3423 per
1535 3370 1762 3424 corpus;
1792 3362 1846 3411 et
1872 3369 2057 3410 eorum

468 3443 588 3497 qua:
629 3426 809 3482 vident
849 3424 1201 3496 imaginaliter
1240 3424 1449 3497 species
1494 3425 1787 3493 formatur,
1833 3425 1975 3481 unde
2003 3433 2059 3481 et

531 3647 549 3679 ί
574 3651 649 3717 pr.
674 3645 819 3717 cugd.
848 3651 899 3717 et
928 3652 1047 3717 ven.
1081 3646 1171 3717 sic.
1189 3644 1364 3717 legunt
1392 3645 1525 3717 hunc
1556 3644 1714 3717 locum
1738 3660 1752 3697 :
1780 3645 1870 3717 Hic
1891 3651 1937 3697 et
1959 3645 2059 3699 alia

465 3706 855 3772 explmtio’ltoc
877 3706 1015 3759 habet
1043 3720 1062 3759 :
1085 3706 1276 3760 eximus
1307 3707 1370 3759 de
1391 3712 1525 3758 terra
1559 3715 1742 3760 nostra.
1806 3715 1865 3757 tu.

3651 346 3752 405 75?.

2174 469 2362 522 pecora
2394 454 2649 523 praesepia
2678 464 3094 525 recognoscunt,
3125 463 3179 511 et
3207 470 3329 512 aves
3352 457 3421 513 ad
3451 458 3607 515 nidos
3636 477 3758 520 suos

2172 524 2397 581 redeunt
2422 544 2434 598 ς
2462 525 2557 579 sed
2583 540 2681 579 nec
2702 541 2762 580 se
2790 524 2900 598 ipsa
2928 526 3227 598 intelligunt
3253 545 3370 598 qua:
3395 530 3524 595 sint,
3552 547 3654 587 nec
3676 535 3761 590 illa

2172 611 2293 669 quae
2320 597 2490 669 oculis
2519 604 2763 651 cernunt.
2811 596 3425 669 Postremo‘corporalis
3468 601 3607 656 visio
3651 605 3760 661 sine

2171 668 2431 742 spirituali
2462 682 2582 742 esse
2612 682 2717 721 non
2750 675 2943 742 potest.
2989 668 3180 742 Statim
3224 668 3352 742 ergo
3391 680 3449 725 ut
3475 673 3760 731 avertimus

2172 738 2352 812 oculos
2380 738 2447 812 ah
2474 739 2550 792 eis
2580 737 2995 812 qttzevidemus,
3027 737 3500 809 imagines'eorum
3543 759 3662 812 qua
3690 748 3761 799 vi.

2172 808 2379 881 dimus,
2413 810 2464 862 in
2496 809 2752 881 memoria
2784 811 3093 864 retinemus.
3126 808 3426 881 Spiritualis
3460 808 3593 867 vero
3635 816 3759 871 visio

2171 880 2287 934 sine
2313 880 2575 948 corporali
2604 894 2723 935 esse
2751 888 2928 949 potest
2949 897 2970 948 ;
2991 881 3134 936 unde
3161 880 3217 936 et
3243 883 3497 939 absentes
3525 884 3758 942 homines

2171 950 2533 1023 recordamur,
2561 959 2615 1005 et
2643 951 2703 1023 in_
2722 952 2957 1005 tenebris
2984 966 3045 1023 ea
3074 968 3192 1023 qua:
3216 953 3444 1009 vidimus
3466 994 3485 1021 ,
3514 955 3758 1023 imaginac

2171 1019 2292 1096 liter
2338 1021 2639 1096 cernimus.
2677 1021 3061 1096 _Intel_lec_tualis
3091 1019 3298 1096 'nempe
3350 1019 3479 1081 neci
3503 1019 3757 1096 corporali

2171 1090 2375 1167 indiget
2418 1106 2517 1145 nec
2562 1092 2844 1167 spirituali.
2895 1093 2998 1148 Per
3044 1090 3374 1167 intellectum
3422 1110 3529 1151 nec
3573 1090 3759 1167 corpus

2169 1162 2430 1236 videmus,
2460 1177 2558 1236 nec
2583 1163 2865 1236 imaginem
2891 1165 3151 1236 corporis.
3174 1165 3279 1221 Per
3303 1165 3441 1222 hanc
3466 1162 3758 1236 quippe'vi-

2170 1231 2327 1286 detur
2347 1233 2572 1305 iustitia,
2596 1231 2848 1305 Charitas,
2875 1231 3169 1304 ipse'Deus,
3197 1236 3313 1305 ipsa
3333 1231 3755 1303 mens-hominis,

2169 1318 2287 1373 qua:
2316 1304 2519 1357 nullum
2550 1320 2738 1373 corpus
2769 1304 2948 1369 habet,
2981 1305 3180 1360 nullam
3212 1304 3623 1363 similitudinem
3648 1324 3758 1363 cor-

2171 1375 2333 1445 poris.
2364 1374 2444 1429 Ob
2472 1374 2523 1429 id
2551 1383 2609 1445 et
2631 1384 2814 1443 raptus
2840 1374 3013 1431 fuerat
3035 1378 3310 1445 apostolus
3336 1378 3538 1433 Paulus
3579 1379 3634 1434 in
3664 1390 3759 1435 ter-

2170 1444 2301 1516 tium
2332 1444 2524 1499 coelum
2568 1444 2634 1513 (Il
2662 1445 2779 1500 Cor.
2808 1462 2916 1513 xu,
2939 1446 2998 1516 2)
3019 1488 3033 1512 ,
3063 1444 3115 1501 id
3142 1458 3225 1503 est
3252 1449 3319 1503 ad
3346 1449 3757 1507 intellectualem

2167 1514 2448 1589 visionem,
2478 1525 2536 1569 ut
2565 1516 2729 1589 Deum
2761 1532 2873 1589 non,
2895 1514 2989 1586 per
3013 1533 3227 1588 corpus,
3256 1534 3363 1573 non
3395 1535 3496 1589 per
3521 1520 3757 1577 similitu-

2167 1584 2346 1658 dinem
2385 1587 2656 1656 corporis,
2699 1588 2793 1642 sed
2834 1584 2971 1641 sicut
3009 1584 3240 1658 est'ipsa
3267 1584 3470 1645 veritas
3499 1604 3753 1647 cerneret.

2166 1654 2300 1731 Tres
2329 1672 2455 1726 ergo
2482 1654 2641 1734 coali,
2662 1660 2775 1734 tria
2814 1667 2955 1734 sunt‘
2975 1654 3236 1714 visionum
3266 1660 3335 1715 de
3362 1662 3570 1734 quibus
3591 1662 3754 1734 loqui-

2168 1728 2316 1800 _mur,
2346 1743 2562 1800 genera.
2593 1728 2675 1782 Ad
2704 1729 2804 1783 hoc
2832 1728 3069 1800 profecto
3095 1728 3415 1799 pervenerat
3446 1728 3676 1800 Paulus,
3705 1744 3756 1789 ut

2168 1796 2335 1874 Deum
2364 1798 2444 1874 sic
2471 1800 2522 1874 i_n
2553 1799 2654 1853 ista
2684 1799 2790 1855 vita
2813 1796 3046 1867 videret,
3079 1796 3215 1859 sicut
3250 1803 3428 1858 sancti
3466 1814 3580 1874 post
3616 1796 3752 1860 hanc

2167 1868 2330 1923 vitam
2358 1868 2629 1923 videbunt.

2235 1938 2453 2015 Quies'r.
2492 1939 2691 2015 LXIV.
2718 1941 2858 2010 Quot
2890 1958 3083 2012 genera
3111 1951 3236 1999 sunt
3264 1944 3614 2015 Apostolatus
3632 1986 3650 2013 ,
3675 1945 3753 2001 vel

2166 2010 2320 2085 quale
2348 2025 2542 2085 nomen
2572 2011 2645 2085 sit
2668 2010 2984 2085 Apostolus,
3016 2010 3508 2085 volo_cognoscere.

2238 2080 2397 2134 lisse.
2426 2080 3120 2157 Apostolus'iuterpretatur
3141 2080 3351 2141 Missus.
3379 2086 3754 2157 Apostolorum

2166 2160 2287 2225 sunt
2328 2167 2523 2225 genera
2560 2162 2785 2225 quatuor
2815 2172 2827 2207 :
2861 2171 2890 2208 a
2918 2155 3062 2219 Deo,
3094 2170 3199 2209 non
3237 2171 3334 2225 per
3375 2155 3692 2224 hominem;
3726 2175 3753 2214 a

2166 2220 2298 2289 Deo,
2330 2220 2423 2277 sed
2454 2239 2551 2293 per
2577 2220 2881 2289 hominem;
2915 2240 3010 2294 per
3039 2220 3308 2282 hominem
3338 2237 3586 2293 tantum;
3620 2220 3752 2285 et'ex

2164 2306 2244 2369 se.
2288 2294 2332 2369 ᾼ
2368 2294 2478 2349 Deo
2509 2296 2720 2369 etenim
2763 2295 2958 2369 missus
2990 2305 3081 2369 est
3108 2295 3336 2369 Moyses.
3367 2301 3411 2353 A
3445 2299 3562 2354 Deo
3592 2308 3648 2355 et
3672 2315 3753 2369 per

2165 2362 2456 2429 hominem,
2478 2364 2611 2420 sicut
2630 2365 2784 2421 Jesus
2803 2363 2965 2419 Nave.
2990 2366 3093 2421 Per
3112 2362 3383 2424 hominem
3404 2378 3638 2435 tantum,
3659 2362 3749 2425 sic-

2165 2442 2224 2509 ut
2248 2436 2447 2509 nostris
2474 2436 2802 2506 temporibus
2822 2436 2984 2509 inulti
3012 2437 3191 2493 favore
3228 2438 3368 2509 vulgi
3411 2441 3467 2495 in
3504 2440 3748 2496 sacerdo-

2166 2505 2295 2559 tium
2316 2505 2596 2581 subrogari
2634 2516 2776 2562 sunt.
2820 2507 2904 2563 Ex
2948 2521 3008 2563 se
3049 2518 3263 2577 autem,
3309 2505 3450 2566 sicut
3492 2520 3623 2566 sunt
3664 2512 3750 2581 ipsi

2165 2576 2662 2702 pseudoprophetze.

2235 2650 2448 2702 UUIEST.
2520 2648 2632 2702 XV.

2235 2650 2448 2771 [pg/fi;
2463 2648 2632 2756 9LXV.
2665 2648 2944 2717 Quomodo
2980 2664 3263 2721 possumus
3287 2651 3430 2708 seire
3453 2652 3546 2724 qui
3574 2652 3751 2709 mitta-

2166 2725 2253 2772 ῑυι·
2278 2733 2309 2771 3
2340 2725 2479 2772 υ(Ξοῖ

2237 2787 2396 2842 Rsse.
2432 2789 2581 2863 Illum
2612 2804 2905 2863 cognosce
2933 2792 3151 2847 missum
3195 2808 3224 2847 a
3264 2793 3407 2860 Deo,
3446 2809 3607 2863 quem
3656 2809 3752 2851 non

2164 2873 2451 2932 paucorum
2481 2861 2753 2914 hominum
2788 2861 3018 2917 laudatio
3059 2863 3147 2917 vel
3188 2864 3363 2932 potius
3395 2861 3637 2920 adulatio
3670 2868 3752 2920 eli-

2163 2929 2273 2998 git;
2302 2928 2395 2985 sed
2419 2931 2565 3005 illum
2588 2947 2744 2999 quem
2773 2940 2828 2986 et
2844 2933 2953 3005 vita
2981 2943 3035 2988 et
3058 2928 3235 3005 mores
3260 2935 3448 3005 optimi
3471 2947 3751 3002 exornant,

2163 3008 2217 3053 et
2242 3002 2664 3077 _apostolic0rum
2704 3003 2941 3077 _exagio_‘
2962 3002 3343 3077 sacerdotum,
3363 3005 3449 3061 vel
3472 3007 3638 3077 etiam
3671 3010 3753 3077 qui

2164 3070 2531 3147 universorum
2555 3070 2871 3147 populorum
2893 3071 3101 3147 judicio
3111 3076 3523 3147 comprobatur:
3544 3076 3637 3147 qui
3655 3070 3751 3131 non

2161 3144 2365 3217 appetit
2393 3157 2642 3217 praeesse,
2669 3143 2887 3217 quinon
2914 3144 3197 3217 pecuniam,
3219 3143 3311 3201 dat
3336 3155 3395 3201 ut
3413 3143 3751 3217 episcopatus

2164 3209 2422 3286 honorem
2452 3209 2709 3286 acquirat]
2750 3213 2882 3268 Nam
2912 3209 2980 3270 ile
3011 3230 3077 3270 eo
3114 3215 3204 3285 qui
3244 3209 3478 3286 praeesse
3515 3209 3749 3284 festinat,

2163 3282 2376 3350 quidam
2410 3282 2617 3356 patrum
2660 3285 2933 3355 eleganter
2969 3282 3457 3356 expressit'dieens
3484 3306 3497 3341 :
3528 3288 3678 3343 Scia:
3704 3282 3753 3344 se

2164 3368 2265 3431 non
2289 3369 2394 3431 esse
2416 3355 2735 3431 episcopum,
2759 3356 2849 3431 qui
2869 3355 3093 3431 praeesse
3109 3356 3493 3431 desiderat,_non
3504 3359 3751 3431 prodesse

2164 3420 2513 3495 (Augustinus,
2541 3420 2605 3480 de
2628 3420 2781 3481 Civit.
2808 3420 2924 3495 Dei,
2958 3426 3044 3480 lib.
3074 3425 3164 3495 l9,
3195 3443 3313 3499 cap.
3342 3420 3446 3498 I9).

2228 3649 2245 3680 ι
2268 3647 2405 3709 mliti,
2430 3646 2557 3713 actio
2578 3647 2902 3713 commendat.
2920 3654 2977 3697 At
2993 3655 3074 3697 Ms.
3107 3648 3433 3713 Corbeiensis,
3466 3646 3643 3713 exagia
3663 3662 3682 3700 :
3705 3650 3749 3699 id

2164 3718 2258 3773 est,
2283 3710 2511 3761 examine
2523 3723 2538 3773 ;
2564 3716 2616 3760 et
2637 3716 2772 3760 caret
2800 3710 2974 3769 verbo,
2992 3710 3305 3761 cormnendat.

474 3840 3671 3895 Et“

582 3883 771 3894 —-—-

1572 3884 2617 4045 Ξῦῐῶᾗῑῐῑῇ

1544 4097 1629 4161 ΙΝ
1673 4098 2297 4174 SUBSEQUENTUM
2339 4099 2665 4162 LIBRUM.

540 4244 701 4301 Liber
727 4243 793 4301 de
820 4241 952 4299 Fide
980 4242 1046 4296 ad
1075 4241 1290 4297 Petrum
1320 4240 1461 4295 inter
1484 4240 1765 4311 Augustini
1792 4255 1953 4312 opera
1979 4241 2108 4297 olim
2138 4240 2427 4313 impressus
2454 4250 2539 4299 est
2562 4250 2802 4298 veterum
2832 4241 3033 4313 aliquot
3058 4243 3538 4314 manuscriptorum
3566 4252 3749 4299 aucto-

467 4338 644 4403 ritate,
672 4336 761 4407 qni
787 4336 835 4391 ei
861 4335 1150 4403 assignant.
1179 4333 1377 4388 Verum
1418 4348 1525 4389 non
1564 4349 1685 4389 esse
1729 4334 2007 4405 Augustini
2046 4334 2210 4405 probe
2254 4336 2569 4391 monstravit
2604 4336 2859 4393 Erasmus
2891 4353 2958 4394 ex
2987 4340 3099 4409 ipsa
3129 4340 3307 4410 phrasi
3333 4340 3557 4411 aliisque
3592 4355 3745 4410 argu-

466 4430 683 4494 mentis,
710 4445 827 4500 quzc
853 4426 939 4482 hic
965 4425 1169 4483 referre
1198 4425 1522 4497 superﬂuum
1547 4434 1813 4496 putamus.
1837 4425 1970 4483 Nam
1996 4426 2322 4482 indubitatus
2347 4427 2464 4498 ejus
2489 4437 2673 4483 auctor
2698 4444 2728 4483 a
2754 4430 2967 4484 nemine
2986 4430 3096 4500 jam
3126 4431 3398 4501 ignoratur
3422 4431 3743 4503 Fulgentius.

466 4529 604 4584 lIuic
630 4534 777 4583 certe
812 4523 1003 4579 asserit
1039 4524 1297 4593 scriptura
1326 4520 1692 4592 antiquissima
1719 4521 1917 4577 codicis
1945 4520 2284 4577 Corbeiensis
2314 4531 2438 4577 ante
2463 4522 2609 4577 mille
2634 4536 2803 4579 annos
2837 4525 3073 4590 exarati,
3105 4540 3224 4595 qua:
3250 4525 3317 4581 ad
3343 4525 3522 4597 operis
3550 4525 3744 4581 calcem

468 4620 751 4676 exhibetur
777 4617 829 4672 in
860 4616 974 4669 hme
992 4614 1151 4670 verba
1176 4631 1190 4668 :
1217 4612 1475 4685 Fulgentii
1498 4614 1722 4683 episcopi
1736 4622 1922 4668 sancta:
1933 4611 2176 4667 Ecclesia:
2201 4612 2462 4667 catholica:
2483 4611 2761 4685 Ruspensis
2785 4613 2847 4667 de
2867 4613 3063 4685 Regula
3088 4630 3217 4670 vera:
3242 4616 3362 4684 ﬁdei
3381 4614 3505 4669 liber
3525 4614 3742 4686 explicit.

469 4710 652 4781 Neque
677 4705 1127 4772 contemnendus,
1160 4720 1459 4775 quanquam
1487 4706 1653 4762 altera
1681 4714 1734 4760 et
1763 4704 2061 4774 posteriore
2089 4719 2249 4759 manu
2276 4704 2469 4759 ibidem
2509 4704 2720 4761 additus
2762 4707 2817 4761 in
2849 4705 3021 4762 fronte
3049 4708 3227 4776 operis
3259 4707 3445 4762 titulus
3472 4724 3487 4760 :
3516 4706 3744 4779 Epistola

474 4799 735 4872 Fulgentii
761 4796 979 4869 episcopi
1005 4798 1069 4852 de
1091 4794 1224 4851 Fide
1247 4796 1513 4852 catholica.
1530 4798 1791 4852 Praeterea
1820 4796 1919 4851 sub
1945 4795 2207 4866 Fulgentii
2234 4796 2450 4852 nomine
2476 4797 2670 4852 citatur
2698 4812 2728 4852 a
2756 4798 3046 4853 Ratramno
3065 4840 3079 4863 ,
3107 4799 3158 4852 in
3189 4799 3321 4853 libro
3345 4798 3412 4854 de
3433 4798 3671 4870 Corpore
3694 4806 3746 4853 et

469 4892 741 4964 Sanguine
763 4890 993 4946 Domini.
1026 4889 1255 4946 Isidorus
1282 4891 1439 4946 etiam
1466 4890 1519 4944 in
1545 4889 1818 4959 Catalogo,
1847 4899 1901 4944 et
1929 4888 2200 4944 IIonorius
2226 4890 2716 4961 Augustodunensis
2746 4892 2801 4946 in
2828 4892 3105 4948 Chronicis
3133 4901 3392 4948 testantur
3415 4891 3738 4963 Fulgentium

469 4984 749 5056 scripsisse
781 4981 1035 5052 Regulam
1064 4998 1204 5038 verae
1234 4982 1357 5038 fidei
1389 5000 1404 5037 :
1431 4990 1485 5037 et
1510 4996 1628 5035 eam
1654 4980 1909 5049 Regulam
1940 4979 2008 5034 ab
2047 4978 2238 5035 eodem
2269 4978 2544 5051 Fulgentio
2584 4982 2716 5052 petit
2752 4981 3059 5038 Ferrandus
3099 4982 3386 5049 diaconus,
3430 4981 3485 5036 in
3524 4979 3740 5050 epistola

527 5089 611 5134 ter
633 5076 1005 5148 Fulgentianas
1032 5090 1181 5129 nova:
1204 5073 1453 5129 editionis
1478 5072 1685 5127 decima
1712 5073 1883 5126 tertia.
1909 5071 2301 5127 Inscribebatur
2321 5073 2447 5127 olim
2474 5091 2487 5127 :
2515 5072 2589 5127 De
2610 5072 2741 5126 Fide
2765 5074 2832 5125 ad
2855 5071 3066 5127 Petrum
3094 5073 3379 5126 diaconum.
3403 5071 3509 5128 Sed
3532 5071 3738 5127 Petrum

466 5171 611 5229 hunc
632 5169 792 5224 alium
815 5181 845 5220 a
867 5166 1026 5222 Petro
1050 5165 1274 5221 diacono
1296 5164 1381 5220 cui
1408 5162 1636 5232 scriptus
1660 5171 1740 5217 est
1766 5161 2028 5232 Fulgentii
2048 5162 2115 5217 de
2136 5161 2503 5219 Incaruatione
2528 5163 2684 5231 liber,
2713 5162 2868 5218 facile
2897 5163 3184 5228 credimus,
3209 5162 3277 5217 ob
3302 5162 3536 5218 rationes
3562 5160 3740 5215 allatas

467 5264 523 5320 in
555 5277 690 5317 nova
716 5258 975 5331 Fulgentii
1004 5257 1257 5321 editione,
1287 5270 1408 5326 qure
1430 5250 1647 5307 Parisiis
1674 5267 1738 5307 ex
1761 5251 1972 5307 officina
1992 5252 2262 5309 Guillelmi
2287 5254 2518 5324 Desprez
2540 5254 2651 5325 jam
2678 5269 2820 5309 nunc
2846 5254 3042 5324 prodit,
3070 5254 3247 5310 studio
3272 5262 3328 5309 et
3350 5254 3533 5309 labore
3555 5251 3737 5309 eruditi

468 5353 569 5408 viri
601 5352 757 5407 Luca:
784 5349 1064 5420 Mangeant
1091 5345 1281 5403 Clerici
1317 5343 1631 5399 Parisiensis
1671 5344 1974 5414 recognita,
2023 5353 2176 5399 aucta
2221 5354 2275 5399 et
2316 5346 2589 5416 castigata.
2638 5345 2749 5402 Nec
2794 5345 2986 5415 injuria
3031 5356 3350 5416 expunctum
3398 5362 3431 5402 e
3473 5346 3628 5401 tit-lo
3665 5353 3739 5398 est

468 5446 677 5503 diaconi
706 5457 934 5507 nomen;
964 5438 1176 5511 quando
1206 5437 1347 5491 hunc
1374 5436 1429 5490 in
1455 5434 1675 5490 exordio
1701 5435 2009 5506 Fulgentius
2041 5436 2253 5492 Petrum
2282 5436 2448 5492 filium
2476 5446 2660 5505 vocat,
2689 5454 2795 5494 non
2814 5481 2828 5505 ,
2862 5439 2937 5493 uti
2964 5437 3218 5493 diaconos
3242 5437 3566 5508 compellare
3590 5434 3734 5499 solet,

469 5542 693 5596 fratrem
720 5544 810 5592 aut
835 5534 1240 5592 condiaconum.
1268 5528 1693 5600 Recognovimus
1721 5529 1823 5584 hoc
1849 5545 1981 5599 opus
2007 5530 2071 5584 ad
2099 5528 2227 5586 Mss.
2252 5531 2523 5587 Romanos
2546 5530 2880 5586 bibliothecae
2904 5530 3173 5587 Vaticana
3196 5539 3445 5601 quatuor,
3474 5528 3543 5584 ad
3559 5524 3732 5595 Angli-

469 5649 634 5690 canos
670 5633 807 5688 duos
827 5672 841 5697 ,
870 5628 936 5684 ad
965 5625 1381 5683 vetustissimum
1406 5623 1783 5679 Corbeiensem
1807 5666 1821 5689 ,
1852 5622 1917 5677 ad
1946 5622 2291 5680 Sorbonicum
2314 5667 2328 5691 ,
2357 5623 2685 5679 Victorinum
2706 5664 2721 5690 ,
2752 5624 3072 5679 Beceensem
3094 5662 3109 5688 ,
3135 5631 3189 5677 et
3214 5622 3349 5677 alios
3376 5620 3654 5692 quosdam.
3680 5614 3737 5671 In

472 5724 783 5781 Corbeiensi
828 5732 881 5778 et
923 5721 1039 5777 aliis
1085 5720 1320 5775 melioris
1362 5726 1501 5773 notae
1547 5716 1670 5771 Mss.
1718 5716 1910 5772 desinit
1951 5716 2005 5773 in
2045 5715 2149 5771 fine
2178 5716 2363 5787 capitis
2389 5716 2491 5784 44;
2525 5730 2697 5788 neque
2724 5724 2881 5797 caput
2902 5714 3005 5784 45,
3040 5713 3183 5791 quod
3210 5713 3429 5773 diverso
3457 5713 3578 5789 stilo
3600 5705 3735 5787 οικ

475 5818 650 5889 virum
676 5816 957 5877 militarem
987 5814 1241 5887 scriptum
1270 5821 1369 5885 est,
1404 5810 1459 5867 in
1490 5810 1566 5869 eis
1596 5823 1822 5883 usquam
1852 5808 2133 5883 reperitur.

444 5898 459 5921 Ι
