3860 6366
435 358 540 415 755

439 473 535 527 itio
562 478 660 537 est,
689 466 832 539 quod
844 464 1072 539 Spiritus
1096 468 1308 518 sanctus
1333 459 1401 514 de
1432 465 1619 514 natura
1659 455 1830 539 Patris
1871 453 2009 539 Filii-

440 524 546 613 que
571 524 825 613 procedit.
877 524 959 613 Ob
983 535 1084 589 hoc
1125 548 1251 613 ergo
1288 541 1416 598 tres,
1457 546 1618 585 unum
1662 536 1807 613 recte
1847 524 2013 613 credi-

441 597 879 669 mus'etdicimus
924 607 1113 672 Deum,
1140 597 1262 673 quia
1297 597 1409 656 una
1452 616 1671 672 prorsus
1724 597 2012 673 aeternitas,

443 668 547 738 una
594 679 945 746 immensitas,
989 668 1429 734 unavnaturalitcr
1453 668 1612 728 trium
1663 679 1744 726 est
1769 668 2018 724 divinitas

444 767 814 824 personarum.

513 825 568 879 5.
599 823 898 878 Teneamus
939 819 1098 892 igitur
1135 817 1345 892 Patrem
1385 823 1438 892 e_t
1468 812 1659 868 Filium
1690 820 1740 866 et
1770 809 2025 892 Spiritum

443 903 684 950 sanctum
712 909 874 947 unum
901 885 1021 946 esie
1050 887 1360 942 naturaliter
1391 885 1559 940 Deum
1589 899 1603 938 ε
1636 895 1806 948 neque
1851 890 2028 933 tamen

446 966 619 1035 ipsum
647 966 857 1019 Patrem
878 977 996 1017 esse
1021 959 1111 1030 qui
1131 958 1299 1035 Filius
1315 964 1414 1019 est,
1440 969 1610 1023 neque
1639 953 1830 1034 Filium
1858 952 2030 1021 ipsum

447 1024 569 1092 esse
597 1035 688 1104 qui
714 1035 870 1090 Pater
899 1043 1010 1104 est,
1039 1024 1137 1085 nec
1160 1027 1417 1104 Spiritum
1444 1035 1680 1104 sanetum
1711 1024 1882 1104 ipsum
1912 1037 2033 1104 esse

448 1108 536 1175 qui
567 1092 723 1160 Pater
761 1113 852 1158 aut
885 1092 1050 1157 Filius
1074 1109 1175 1175 est.
1202 1092 1332 1153 'Una
1361 1096 1612 1175 estnenim
1641 1095 1811 1175 Patris
1837 1102 1888 1147 et
1912 1092 2033 1175 Filii

449 1166 504 1230 ἐι
527 1176 752 1246 Spiritus
777 1177 945 1229 sancti
966 1171 1222 1246 βεδριῃίο,
1254 1184 1409 1238 quam
1436 1166 1794 1246 (ira-ieimoi‘ntav
1817 1170 2030 1246 vocant,

450 1248 504 1300 in
533 1235 636 1316 qua
667 1262 772 1301 non
812 1255 892 1297 est
930 1243 1070 1296 aliud
1112 1235 1297 1316 Pater,
1330 1248 1383 1292 et
1412 1237 1551 1316 aliud
1582 1235 1775 1316 Filius”.
1809 1235 2032 1316 ethaliud

447 1305 678 1387 Spiritus
699 1324 946 1387 sanctus;
972 1313 1212 1387 quamvis
1239 1309 1590 1387 personaliter
1611 1305 2030 1387 silanus-Pater,

451 1376 584 1442 alius
616 1386 781 1444 Filius
801 1428 814 1447 ,
846 1376 1252 1452 θιὶυέὃρὶτίιιιέ
1282 1392 1512 1434 sanctus.
1553 1376 1703 1452 Quod
1735 1378 1887 1430 nobis
1919 1390 2033 1428 ma-

453 1459 600 1512 xime
638 1459 690 1512 in
731 1459 845 1525 ipso
879 1449 1198 1525 sanctarum_
1213 1451 1603 1525 scripturarum
1644 1449 2037 1525 demonstratur

453 1528 604 1584 initio
624 1571 636 1592 .
669 1516 764 1583 ubi.
787 1529 924 1582 Deus
951 1525 1080 1581 dicit
1106 1543 1119 1578 :
1151 1516 1425 1578 Faciamus
1462 1519 1714 1592 hominem
1755 1517 1824 1592 ad
1849 1516 2034 1592 imqgit

451 1616 567 1653 nem
610 1587 658 1653 et
705 1598 1087 1652 similitudinem
1129 1604 1373 1650 nostram.
1421 1593 1551 1648 Cum
1597 1591 1736 1645 enim
1784 1587 2037 1657 singulari

453 1685 677 1724 numero
702 1670 850 1735 dicit,
879 1669 1170 1739 imaginem,
1194 1663 1609 1739 ostendit_unam
1631 1669 1871 1739 naturam
1895 1674 2033 1739 esse,

450 1740 518 1794 ad
548 1741 698 1810 cujus
727 1729 1010 1810 imaginem
1041 1729 1201 1810 homo
1228 1737 1396 1810 ﬂeret,
1425 1731 1562 1810 Cum
1599 1746 1726 1786 vero
1762 1731 1886 1810 dicit
1917 1729 2036 1810 plu-

452 1800 672 1877 raliter,
694 1800 944 1873 nostrum,
976 1807 1210 1862 ostendit
1241 1805 1488 1860 eumdem
1528 1804 1695 1857 Deum
1717 1843 1732 1868 ,
1778 1800 1844 1855 ad
1886 1801 2038 1877 cujus

454 1869 738 1950 imaginem
767 1869 1137 1942 homorliebat,
1169 1891 1276 1950 non
1298 1890 1472 1950 _unam
1503 1888 1623 1950 esse
1649 1886 1950 1950 personam,
1981 1869 2037 1926 Si

453 1941 598 2007 enim
647 1953 699 2006 in
743 1951 830 2005 illa
880 1965 984 2005 una
1032 1941 1219 2003 natura
1243 1948 1261 1978 ⁸
1298 1945 1468 2000 Patris
1503 1954 1555 1998 et
1585 1943 1700 1996 Filii
1731 1952 1783 1996 ct
1811 1941 2038 2012 Spiritus

453 2023 624 2077 sancti
651 2038 750 2076 una
777 2030 922 2077 esset
945 2034 1167 2090 persona
1187 2059 1200 2081 ,
1233 2032 1336 2071 non
1359 2016 1654 2078 diceretur,
1670 2014 1758 2090 uti
1773 2013 2038 2090 imaginem

453 2101 711 2158 nostram;
744 2092 859 2159 sed,
887 2082 961 2144 ad'
985 2089 1266 2159 imaginem
1293 2099 1631 2159 meam_;__nec
1653 2083 1901 2159 dixisset,
1933 2082 2040 2159 Fu-

454 2154 807 2228 ciamusfsed
827 2154 855 2225 ,⁷
877 2154 1115 2215 Faciam:
1149 2158 1204 2213 Si
1232 2173 1360 2212 vero
1387 2156 1440 2228 in
1470 2157 1574 2228 illis
1604 2154 1771 2228 tribus
1798 2155 2038 2228 personis

455 2242 566 2289 tres
585 2225 768 2290 essent
788 2231 1144 2301 intelligendas
1170 2229 1252 2284 vel
1273 2227 1554 2283 credenda:
1577 2225 1907 2301 substantiae,
1926 2240 2039 2301 non

453 2303 754 2370 diceretur,
798 2304 866 2356 ad
903 2295 1172 2372 imaginem
1214 2308 1478 2372 nostram;
1522 2295 1645 2361 sed,
1687 2296 1752 2350 ad
1782 2296 2039 2372 imagines

454 2384 665 2430 nostras
703 2366 857 2428 z'una
885 2366 1027 2428 enim
1060 2373 1232 2442 imago
1253 2370 1423 2442 trium
1464 2377 1770 2442 naturarum
1802 2366 2038 2442 ina:_qua~

452 2445 584 2500 Iium
614 2459 732 2502 esse
775 2461 881 2498 non
925 2452 1123 2513 posset.
1159 2436 1266 2513 Sed
1301 2443 1427 2496 dum
1461 2440 1527 2493 ad
1558 2453 1712 2493 unam
1751 2436 2038 2513 imaginem

454 2517 610 2572 unius
634 2515 730 2572 Dei
757 2507 1114 2571 homo'factus
1137 2512 1330 2568 dicitur
1350 2553 1364 2577 ,
1393 2526 1496 2565 una
1530 2518 1728 2564 sanctae
1768 2507 2040 2562 Trinitatis

455 2587 808 2643 essentialiter
827 2586 1075 2641 divinitas
1095 2585 1386 2640 intimatur.
1413 2581 1648 2635 Deinde’
1671 2587 1724 2634 et
1746 2579 1899 2648 paqu
1923 2586 2042 2648 post

455 2673 554 2727 pro
582 2673 648 2715 eo
678 2657 817 2728 quod
846 2657 986 2712 Deus
1014 2655 1258 2728 superius
1286 2654 1529 2728 dixerat,
1572 2649 1846 2728 Faciamus
1862 2648 2042 2728 _hom_i-

455 2718 569 2783 item
604 2729 672 2783 ad
696 2718 969 2799 imaginem
1001 2737 1048 2782 et
1078 2718 1455 2799 similitudinem
1471 2730 1700 2799 nostrain
1695 2739 1735 2799 ’ί
1761 2718 2038 2799 s_ic_ho_mi-

453 2814 578 2855 nem
599 2800 792 2854 factum
803 2789 1083 2868 Scriptura
1103 2795 1437 2868 narravit,‘ut
1452 2793 1671 2868 diceret,
1686 2789 1754 2845 Et
1769 2791 1887 2868 [erit
1907 2790 2041 2868 Deus

454 2871 746 2934 hominem;
775 2871 851 2940 ad,
868 2861 1138 2940 imaginem
1160 2866 1255 2921 Dei
1281 2866 1395 2936 fecit
1424 2880 1539 2919 eum
1565 2861 1719 2935 (Gen.
1743 2877 1786 2928 ι,
1809 2861 1900 2940 26,
1923 2861 2041 2931 27).

528 2941 584 2997 6.
623 2931 771 2997 Hanc
821 2931 1133 2995 Triniiatem
1187 2931 1740 3008 personaruiu'atque
1784 2931 2040 3008 unitatem

453 3019 660 3067 naturre
691 3011 946 3080 propheta
967 3011 1126 3064 Isaias
1151 3002 1687 3080 révelatamsibinou
1718 3002 1898 3067 tacuit,
1917 3017 2041 3057 cum

453 3098 514 3137 se
543 3075 962 3152 dicitSeraphim
977 3077 1488 3152 vidisseclamantia
1517 3092 1531 3130 :
1557 3075 2038 3152 Sanetug,_seiictus,

453 3161 657 3208 sanctus
686 3143 934 3208 Dominus
963 3151 1101 3206 Deus
1120 3149 1330 3222 sabaoth
1356 3147 1507 3222 (Isai.
1539 3161 1612 3210 γι,
1645 3143 1722 3218 ὅ).
1755 3143 1858 3200 Ubi
1887 3158 2040 3214 pror-

455 3239 548 3295 sus
589 3226 640 3279 in
681 3241 745 3280 eo
771 3223 912 3295 quod
949 3222 1142 3278 dicitur
1180 3218 1641 3295 tertio,'_»S_anctus,
1694 3230 2041 3295 personarum

455 3285 806 3360 Trinitatem;
852 3298 904 3349 in
938 3310 1003 3349 eo
1033 3309 1158 3347 vero
1185 3292 1326 3364 quod
1354 3290 1547 3346 dicitur
1571 3288 1762 3364 semel,
1791 3285 2043 3364 Dominus

454 3364 597 3421 Deus
640 3357 880 3429 sabaoth,
908 3365 1101 3420 divinae
1133 3357 1336 3418 natura:
1362 3359 1732 3433 cognoscimus
1760 3357 2038 3433 unitatem.

455 3437 514 3491 In
552 3438 648 3510 illa
677 3437 836 3510 igitur
865 3444 1046 3492 sancta
1075 3433 1338 3510 'I‘yipitate
1365 3429 1530 3510 (quod
1546 3430 1677 3510 ideo
1704 3443 1746 3510 a‘
1766 3429 1920 3483 nobis
1955 3443 2042 3510 ref

527 3509 672 3574 titur,
697 3497 759 3562 ἷιι
789 3516 968 3562 vestro
997 3505 1146 3562 cordi
1174 3504 1194 3536 ³
1226 3497 1464 3560 tenacius
1485 3497 1774 3574 inligatur),
1805 3514 1943 3574 unus
1962 3505 2046 3554 est

501 3589 617 3650 ater
644 3569 735 3650 qni
759 3579 906 3634 solus
935 3575 1290 3650 essentialiter
1319 3574 1388 3629 de
1416 3569 1628 3650 se_ipso
1651 3569 1816 3650 unum
1849 3569 2040 3624 Filium

455 3642 740 3719 genuit,'et
767 3664 905 3704 unus
937 3647 1102 3719 Filius
1130 3645 1223 3717 qui
1250 3645 1317 3719 d_e
1343 3659 1450 3719 uno
1481 3643 1639 3697 Patre
1662 3642 1806 3696 solus
1835 3649 1919 3719 est
1953 3655 2043 3719 es-

456 3711 750 3774 sentialiter
777 3729 931 3773 natus
954 3716 998 3784 ⁸,
1029 3727 1082 3771 et
1109 3711 1244 3770 unus
1265 3715 1496 3784 Spiritus
1524 3720 1753 3784 Sanctus
1767 3711 1855 3780 qui
1896 3711 2044 3766 solus

455 3789 814 3846 essentialiter
841 3789 908 3843 de
937 3781 1095 3842 Patre
1137 3781 1377 3854 Filioque
1420 3782 1677 3852 procedit.
1709 3781 1822 3854 Hoc
1865 3787 2044 3836 autem

455 3869 626 3916 totum
658 3874 761 3915 una
791 3872 1015 3929 persona
1043 3872 1151 3910 non
1181 3852 1383 3929 posset,
1406 3854 1459 3908 id
1486 3862 1591 3929 est1
1626 3860 1680 3929 et
1704 3852 1920 3929 gignere
1937 3866 2007 3929 se

457 3940 512 3987 et
555 3929 703 3984 nasci
745 3921 813 3984 de
854 3944 914 3984 se
957 3937 1010 3983 et
1036 3921 1330 4000 procedere
1353 3925 1419 3980 de
1447 3939 1524 4000 se.
1556 3923 1690 4000 Quia
1719 3922 1879 3991 igitur
1903 3921 2006 3976 aliu

457 4009 542 4057 est
565 4000 812 4071 genuisse
861 4013 1020 4071 quam
1036 3993 1234 4071 "natum
1268 4011 1416 4059 esse,
1445 3993 1824 4071 aliudquemcst
1852 4006 2044 4061 proce-

457 4061 595 4126 dere
605 4087 772 4154 quam
785 4061 1075 4154 genuisse
1079 4068 1160 4124 vel
1191 4077 1370 4154 natlem
1399 4080 1550 4154 esse;
1575 4061 1916 4154 trianifesiiim
1940 4071 2043 4144 'est

457 4132 708 4214 quoniam
726 4132 886 4214 Aalius
913 4149 998 4214 est
1035 4141 1214 4206 Pater,
1237 4137 1379 4214 alius
1408 4136 1617 4214 Filius,
1650 4134 1784 4214 alius
1814 4132 2044 4214 Spiritus

460 4204 697 4269 sanctus.
723 4212 960 4270 Trinitas
985 4212 1163 4280 itaque
1188 4204 1252 4263 ad
1280 4222 1543 4280 personas
1562 4205 1737 4261 Patris
1774 4213 1826 4259 et
1850 4204 1966 4259 Filii
1991 4212 2046 4260 et

456 4284 688 4356 Spiritus
713 4286 881 4356 sancti
911 4277 1162 4356 refertur,
1187 4277 1456 4356 unijasad
1488 4286 1753 4356 naturam:

529 4355 754 4413 CAPUT
772 4355 832 4409 ll.
857 4355 910 4410 7.
936 4352 1242 4406 Humanitas
1259 4350 1464 4405 Christi.
1495 4347 1790 4403 Exinanitio
1811 4345 1933 4401 Filii
1949 4345 2046 4400 Dei

455 4443 572 4499 quae
598 4428 771 4499 fuerit.
827 4423 982 4499 Sicui
1001 4439 1129 4495 ergo
1158 4421 1449 4499 secundum
1481 4420 1626 4499 illam
1659 4417 1999 4499 divinitatem
2026 4460 2042 4486 ,

456 4490 562 4569 qua
590 4490 753 4554 unum
793 4508 917 4554 sunt
955 4490 1112 4550 Pater
1140 4491 1396 4569 et_Filius
1440 4500 1495 4546 et
1532 4490 1769 4569 Spiritus
1791 4498 2042 4554 sanctus,

457 4560 631 4640 neque
656 4570 866 4625 Patrem
895 4575 1072 4640 nat_nm
1098 4564 1393 4640 credimus,
1418 4577 1592 4633 neque
1632 4560 1886 4640 Spiritum
1920 4576 2042 4615 san-

456 4631 624 4706 ctn'm,
653 4641 746 4695 sed
772 4641 944 4693 solum
965 4637 1190 4706 Filium;
1219 4635 1296 4706 sic
1323 4634 1484 4706 etiam
1506 4631 1800 4706 secundum
1827 4646 2045 4686 carnem

457 4702 630 4763 solum
662 4709 853 4764 Filium
883 4717 1065 4763 natum
1090 4703 1347 4760 catholica
1389 4704 1522 4760 ﬁdes
1556 4713 1610 4760 et
1634 4702 1804 4758 credit
1831 4711 1884 4756 et
1913 4718 2048 4770 pra:-

457 4780 618 4833 dicat.
669 4778 854 4849 Neque
895 4778 1036 4832 enim
1079 4777 1131 4830 in
1164 4776 1250 4830 illa
1297 4775 1555 4849 'l‘rinitate
1594 4773 1866 4849 preprium
1905 4781 2048 4849 esset

460 4851 626 4906 solius
650 4841 821 4920 Patris
844 4849 984 4920 quod
1014 4864 1118 4902 non
1158 4855 1239 4902 est
1264 4855 1420 4920 natus
1448 4847 1563 4920 ipse
1587 4841 1914 4920 {sedunum
1960 4843 2043 4898 Fi-

459 4922 611 4992 lium,
635 4919 821 4992 genuit
843 4913 874 4988 ;’
905 4916 1383 4992 neque_proprium
1425 4913 1591 4992 solius
1620 4913 1742 4970 Filii
1771 4914 1911 4984 quod
1941 4929 2046 4970 non

457 4988 798 5062 genuit’ipse,
830 4991 924 5046 sed
945 4990 967 5023 ⁸
992 4988 1059 5045 de
1085 4988 1256 5062 Patris
1279 4990 1513 5062 essentia
1542 4996 1700 5043 natus
1724 4995 1841 5062 est;
1872 5000 2048 5054 neque

461 5057 733 5133 prepriuin
758 5062 986 5132 Spiritus
1001 5061 1175 5133 sancti
1202 5059 1464 5133 quodnec
1492 5067 1648 5113 natus
1673 5066 1756 5133 es_t_
1781 5057 1932 5133 ipse,
1945 5071 2047 5111 nec

459 5127 662 5204 genuit,
688 5133 783 5190 sed
799 5127 958 5190 'solus
983 5131 1051 5188 de
1077 5127 1236 5204 Patre
1260 5130 1503 5204 Filioque
1542 5127 1784 5204 procedit
1805 5127 1858 5204 °_;
1890 5127 1934 5181 si
1959 5141 2046 5204 se-

458 5198 690 5261 cundum
717 5205 955 5260 divinam
976 5203 1190 5274 quidem
1209 5198 1452 5256 naturam
1472 5199 1614 5255 Deus
1634 5200 1790 5274 Pater
1811 5198 1878 5253 de
1897 5198 2048 5253 nullo

459 5285 769 5332 nasceretur
800 5277 928 5343 Deo,
955 5270 1246 5330 secundum
1269 5287 1484 5343 carnem
1513 5279 1691 5343 tamen
1716 5270 1830 5339 ipse
1861 5283 2048 5324 nasce-

459 5357 610 5404 retur
630 5348 697 5404 de
722 5341 944 5419 virgine.
967 5347 1020 5402 Si
1045 5346 1187 5402 enim
1213 5345 1372 5398 Pater
1391 5341 1458 5398 de
1478 5342 1680 5413 virgine
1709 5349 2044 5404 nasceretur.

523 5464 542 5530 ξ
566 5461 877 5530 (iubetet-sis
890 5466 995 5521 his,
1017 5458 1070 5509 in
1086 5469 1184 5507 una
1206 5454 1294 5507 illa
1314 5453 1534 5506 essentia.

520 5527 698 5590 ξίλονον
1125 5577 1168 5590 ..
1473 5585 1483 5590 _
1519 5577 1549 5590 ,.

523 5589 545 5621 ³
566 5579 697 5649 υ)νᾴ
735 5579 853 5650 quae
873 5582 985 5636 ideo
1003 5595 1035 5633 a
1055 5579 1191 5632 nobis
1213 5579 1443 5644 repetitur
1465 5579 1620 5641 toties,
1653 5583 1705 5630 ut
1740 5583 1900 5631 nostra
1937 5589 2047 5630 cor-

459 5647 546 5784 (“E
565 5656 682 5784 ﬁt
697 5744 713 5770 ν
733 5707 936 5784 θεῖῖίηξδο

521 5773 543 5805 ⁸
569 5763 710 5831 aliti,
721 5763 806 5820 ἐῐντι
823 5771 964 5822 solus.
992 5770 1154 5833 Abest,
1180 5763 1326 5833 soliis,
1351 5779 1379 5816 a
1401 5775 1505 5833 Mss.

524 5833 546 5866 ⁸
569 5827 874 5882 Corbeiensis
897 5841 996 5892 Μελ,
1021 5827 1594 5882 iiimintabiliwlernitate
1621 5827 1854 5894 procedit.

1884 339 2248 399 APPENDIX.
3596 332 3691 393 756

2132 472 2233 510 una
2266 467 2494 525 persena
2540 459 2687 510 esset
2729 451 2885 525 Pater
2913 458 2966 507 et
3002 449 3181 525 Filius
3206 467 3218 504 :
3242 447 3368 525 ipsa
3389 460 3568 506 autem
3608 469 3698 525 una

2134 522 2395 596 persona,
2425 540 2520 595 pro
2556 540 2622 580 eo
2667 523 2807 593 quod
2831 522 3050 596 non_de
3104 523 3243 596 Deo,
3275 523 3374 577 sed
3407 532 3610 596 tantum
3644 523 3700 579 de

2132 593 2334 667 virgine
2355 593 2683 660 nasceretur,
2701 611 2805 648 non
2829 595 2919 667 De_i
2940 593 3124 656 Filius,
3149 594 3472 667 sed_ta_nt_um
3490 594 3702 667 hominis

2133 664 2274 722 illius
2295 669 2556 723 veraciter
2577 667 2862 721 diceretur.
2893 664 3009 732 Ipse
3031 672 3208 719 autem
3237 664 3331 718 Dei
3354 665 3529 718 Filius
3548 665 3704 720 dicit‘:

2135 739 2223 794 Sic
2246 739 2380 792 Deus
2411 739 2586 793 dilexit
2610 736 2874 797 mundum,
2906 745 2960 788 ut
2999 734 3191 805 Filium
3229 751 3378 787 suum
3413 736 3711 805 unigenitum

2133 809 2295 863 duret.
2322 809 2388 863 Et
2417 809 2608 864 iterum
2633 825 2647 863 :
2667 805 2788 861 Non
2804 807 2933 859 enim
2954 805 3088 857 misit
3120 801 3258 858 Deus
3279 805 3477 858 Filium
3499 801 3640 858 Suum
3665 809 3714 860 in

2135 880 2378 934 mundum
2399 891 2451 933 ut
2464 881 2658 949 judicet
2680 876 2946 949 mundum,
2966 875 3053 949 sed
3075 882 3127 927 ut
3151 877 3371 949 sulcetur
3392 877 3613 949 mundus
3635 894 3715 946 per

2135 952 2299 1022 ipsum
2336 946 2591 1022 (Joannn,
2613 949 2701 1017 16,
2730 947 2840 1022 I7).
2857 947 2977 1022 Nec
3000 947 3185 1001 beatus
3207 946 3433 1022 dixisset
3449 947 3679 1002 Joannes
3702 967 3714 1004 :

2141 1019 2238 1088 Qui
2260 1019 2421 1092 diligit
2448 1021 2754 1092 Genitorem,
2791 1019 3023 1092 diliﬂii‘et
3056 1033 3190 1092 eum-
3209 1019 3298 1079 qui
3319 1028 3469 1092 unius
3495 1030 3570 1072 est
3589 1035 3650 1072 ex
3667 1035 3718 1073 eo

2139 1093 2179 1167 (Ι
2202 1088 2434 1167 ,10αηῖνῖ
2467 1091 2538 1163 1).
2567 1090 2675 1146 Nec
2722 1091 2834 1159 ipse
2874 1089 3038 1144 Filius
3085 1088 3309 1167 dixisset
3339 1106 3353 1142 :
3384 1088 3548 1167 Page:
3589 1106 3721 1167 mea

2137 1158 2293 1234 usque
2319 1165 2465 1217 modo
2487 1158 2752 1234 operatur,
2764 1170 2809 1214 et
2835 1177 2928 1234 ego
2944 1175 3124 1234 operor
3153 1158 3337 1229 (Joan.
3370 1174 3429 1234 v1
3464 1161 3580 1230 17).
3610 1160 3720 1228 Ipse

2139 1230 2280 1290 enim
2305 1236 2390 1304 qui
2420 1230 2586 1304 Filius
2614 1233 2838 1304 dicitur,
2869 1230 2921 1284 si
2969 1230 3289 1304 idemAesset
3315 1239 3381 1304 et_
3402 1230 3592 1304 Pater,
3621 1247 3721 1304 non

2138 1299 2400 1361 veraciter
2424 1305 2514 1359 Dei
2545 1303 2710 1358 Filius
2730 1303 3016 1366 diceretur,
3044 1299 3165 1368 quia
3201 1316 3307 1354 non
3349 1301 3418 1355 de
3449 1301 3595 1368 Deo,
3633 1302 3720 1357 sed

2139 1377 2207 1432 de
2239 1376 2352 1432 sola
2380 1375 2585 1446 virgine
2624 1385 2950 1429 nasceretur.
2986 1369 3064 1425 Ad
3107 1379 3441 1446 extremum“
3464 1387 3566 1426 nec
3615 1371 3720 1446 ipse

2141 1447 2299 1502 Pater
2317 1448 2384 1501 de
2412 1442 2551 1503 c0310
2582 1455 2884 1510 testaretur,
2908 1452 2961 1498 et
2987 1455 3140 1496 suum
3179 1443 3445 1509 corporali
3471 1458 3603 1497 voce
3635 1442 3718 1496 Fi-

2141 1518 2270 1574 lium
2300 1519 2710 1582 demonstraret,
2743 1514 2927 1570 dicens
2953 1531 2968 1567 :
2995 1510 3097 1582 Hic
3120 1524 3193 1565 est
3224 1511 3395 1568 Filius
3423 1530 3566 1568 meus
3598 1513 3720 1567 dile-

2140 1600 2272 1657 ctus,
2301 1590 2355 1643 in
2379 1606 2475 1657 quo
2495 1589 2618 1642 mihi
2642 1581 2925 1653 cormplacui
2945 1581 3182 1657 ’(Maith.
3203 1598 3281 1657 ni,
3308 1585 3717 1657 l7).A_postqus

2141 1654 2353 1731 quoque
2382 1654 2572 1715 Paulus
2597 1675 2702 1714 non
2731 1657 2966 1731 dixisset
2989 1655 3055 1709 de
3087 1654 3430 1731 DeoPatre“:
3461 1655 3562 1723 Qui
3600 1673 3716 1731 pro;-

2143 1725 2254 1802 ῥυ·ἱο
2272 1725 2419 1802 Filio
2441 1731 2462 1762 ³
2491 1747 2589 1784 non
2617 1730 2855 1802 pepercit,
2877 1725 2966 1782 sed
2989 1742 3081 1797 pro
3102 1725 3245 1780 nobis
3265 1726 3496 1781 omnibus
3514 1727 3713 1782 tradidit

2142 1799 2286 1856 illum
2318 1801 2493 1872 (Rom.
2525 1799 2636 1869 vm,
2667 1799 2778 1871 32).

2214 1873 2267 1929 8.
2295 1866 2397 1927 Sed
2421 1866 2668 1944 quoniam
2701 1866 2800 1925 ista
2828 1867 3004 1944 omnia
3031 1866 3368 1944 etdivinitus
3393 1866 3457 1922 ad
3479 1877 3708 1944 nostram

2142 1937 2605 2000 doctrinam'dicta
2650 1953 2794 2008 sunt,
2823 1951 2877 1997 et
2904 1939 3025 2012 quia
3053 1938 3234 2012 divina
3264 1937 3406 2012 dicta
3447 1949 3584 2012 sunt,
3614 1940 3712 1994 uti-

2143 2031 2245 2084 que
2273 2031 2397 2070 vera
2427 2023 2580 2081 sunt;
2621 2030 2802 2069 verum
2829 2008 3092 2083 [estquod
3141 2010 3272 2084 iides
3301 2009 3560 2064 catholica
3586 2027 3708 2082 prx-

2143 2080 2306 2152 dieat,
2339 2095 2390 2139 et
2433 2080 2721 2140 secundum
2769 2080 3096 2139 divinitatem
3125 2080 3191 2135 de
3217 2080 3374 2136 Patre
3399 2080 3707 2137 natum'esse

2143 2158 2314 2211 solum
2348 2157 2557 2218 Filium,
2583 2166 2840 2211 :eternum
2865 2169 2985 2209 cum
3015 2153 3191 2218 Patre,
3223 2153 3598 2216 immortalem.
3625 2153 3706 2207 im-

2143 2229 2470 2298 passibilem,
2500 2238 2658 2298 atque
2703 2222 3187 2298 incommutabilem
3218 2223 3384 2298 Deum
3399 2241 3428 2298 ;_
3445 2234 3503 2278 et
3516 2239 3705 2298 _seeun-

2142 2293 2269 2353 dum
2295 2293 2507 2354 carnem
2535 2293 2638 2353 non
2663 2298 2894 2361 Patrem,
2918 2297 3010 2350 sed
3037 2295 3362 2365 unigenitum
3382 2295 3496 2364 ejus
3516 2293 3701 2363 Filium,

2143 2370 2293 2424 salva
2327 2371 2623 2425 :rternitate
2671 2385 2764 2423 sua
2797 2366 3162 2436 temporaliter
3191 2377 3371 2420 natum
3397 2407 3415 2432 ,
3459 2366 3592 2420 salva
3617 2367 3705 2419 im-

2141 2442 2486 2510 passibihtate
2507 2456 2601 2496 sua
2623 2455 2856 2510 passum,
2887 2438 3032 2510 salva
3055 2437 3451 2510 immortalitate
3469 2452 3556 2492 sua
3575 2452 3704 2491 mor-

2146 2507 2290 2566 tuum
2318 2553 2333 2578 ,
2367 2513 2512 2568 salva
2541 2507 3074 2567 incommutabilitate
3097 2549 3112 2573 ,
3139 2524 3241 2578 qua
3270 2507 3290 2538 ‘
3323 2507 3463 2561 Deus
3493 2523 3639 2562 verus
3660 2515 3704 2562 et

2142 2584 2249 2637 vita
2279 2592 2476 2638 :rterna
2507 2593 2609 2650 est,
2659 2583 2919 2637 veraciter
2943 2580 3273 2634 snseitatum.
3303 2578 3406 2644 Qui
3433 2586 3596 2632 totum
3609 2579 3701 2650 ha-

2143 2652 2234 2709 bet
2273 2669 2556 2719 commune
2597 2649 2722 2709 eum
2764 2652 2921 2708 Patre
2964 2651 3104 2719 quod
3147 2659 3380 2704 aeternus
3424 2649 3704 2704 naturaliter

2143 2724 2259 2778 sine
2288 2727 2436 2780 initio
2465 2725 2675 2790 habuit;
2705 2733 2758 2778 et
2780 2722 2910 2778 nihil
2934 2721 3094 2776 habet
3118 2736 3405 2776 commune
3423 2736 3543 2776 cum
3572 2720 3704 2775 Patre

2145 2811 2331 2850 eorum
2363 2814 2479 2864 quae
2507 2797 2557 2850 in
2580 2811 2729 2850 suam
2755 2808 3035 2865 personam
3059 2792 3425 2865 iemporaliter
3449 2803 3605 2863 atque
3627 2790 3705 2846 hu-

2143 2867 2343 2921 militer
2370 2863 2460 2922 ille
2489 2875 2720 2921 aeternus
2750 2863 2909 2936 atque
2933 2863 3174 2936 excelsus
3203 2865 3429 2932 accepit.

2215 2937 2269 2992 9.
2301 2938 2506 2992 Ilursus
2532 2939 2574 2992 si
2600 2953 2704 2992 non
2734 2933 2938 3007 illc'qui
2966 2935 3210 3007 proprius
3234 2944 3395 3002 atque
3423 2933 3706 3003 unigenitus

2143 3008 2242 3064 Dei
2268 3009 2440 3063 Patris
2480 3007 2646 3064 Filius
2675 3015 2776 3072 est,
2803 3005 2896 3062 sed
2929 3005 3158 3074 Spiritus
3184 3016 3401 3059 sanctus
3422 3014 3710 3060 nasceretur

2146 3095 2211 3134 ex
2235 3080 2472 3150 virgine,
2513 3096 2620 3135 non
2656 3080 2825 3148 ipsum
2867 3077 3054 3132 Filium
3092 3074 3383 3150 qui‘fartns
3411 3087 3495 3131 est
3522 3091 3590 3130 ex
3613 3091 3712 3129 inu-

2145 3151 2299 3217 Iiere,
2319 3145 2500 3206 Tactus
2528 3152 2627 3205 sub
2675 3145 2810 3218 Lege
2836 3190 2850 3212 ,
2876 3159 3054 3202 natum
3083 3145 3151 3202 de
3190 3145 3392 3216 Spiritu
3434 3157 3619 3218 sancto
3659 3162 3716 3202 ex

2147 3221 2312 3276 Maria
2341 3223 2564 3290 virgine,
2593 3221 2644 3275 in
2666 3220 2921 3292 Synibolo
2951 3229 3250 3342 acceptum,
3282 3228 3333 3272 et
3363 3218 3526 3272 corde
3548 3217 3615 3272 ad
3635 3219 3716 3287 ju-

2147 3293 2344 3342 stitiam
2372 3293 2647 3342 crederet.
2697 3299 2753 3342 et
2790 3306 2883 3342 ore
2911 3289 2975 3342 ad
3016 3306 3072 3342 sa
3099 3299 3238 3342 uteni
3285 3299 3461 3342 saneta
3505 3290 3716 3342 conlita

2147 3293 2344 3362 stitiam
2372 3289 2647 3364 crederet,
2697 3289 2753 3364 et
2790 3289 2975 3364 oread
3016 3289 3238 3364 salutem
3285 3299 3461 3343 sancta
3505 3290 3722 3364 conlitef

2145 3360 2294 3418 retur
2323 3364 2578 3419 Ecclesia.
2623 3362 2729 3418 Sed
2768 3373 2822 3417 et
2857 3360 2900 3415 si
2925 3359 3056 3430 'ipsc
3093 3361 3321 3429 Spiritus
3359 3369 3596 3424 sanctus,
3628 3359 3725 3429 qui

2146 3435 2319 3490 Patris
2358 3444 2412 3489 et
2453 3434 2571 3489 Filii
2615 3433 2846 3502 Spiritus
2893 3439 3011 3496 est,
3063 3431 3287 3485 formam
3329 3430 3458 3502 servi
3507 3431 3726 3499 accipe-

2148 3515 2247 3571 ret,
2284 3522 2388 3560 non
2439 3507 2552 3575 ipse
2597 3501 2827 3576 spiritus
2856 3512 3070 3576 sanctus
3098 3518 3259 3576 super
3303 3517 3358 3557 se
3393 3501 3584 3576 ipsum
3625 3505 3733 3576 Ito-

2147 3578 2349 3634 minem
2395 3571 2591 3632 factum
2641 3571 2696 3631 in
2747 3574 3007 3630 columba:
3064 3574 3242 3645 specie
3311 3571 3527 3628 cmlitns
3573 3572 3734 3631 adve-

2148 3649 2306 3704 niret.

2222 3721 2310 3776 10.
2336 3720 2494 3776 Pater
2527 3719 2687 3790 igitur
2713 3719 2854 3790 Deus
2881 3716 2948 3772 de
2990 3716 3136 3790 nullo
3158 3715 3369 3790 genitus
3409 3715 3542 3790 Deo,
3569 3715 3741 3790 semei

2148 3791 2216 3847 de
2243 3807 2338 3848 sua
2384 3786 2571 3846 natura
2614 3790 2729 3845 sine
2776 3789 2925 3844 initio
2968 3789 3148 3858 genuit
3168 3786 3378 3842 ‘Filium
3424 3786 3605 3841 Deum
3647 3787 3745 3842 sibi

2150 3864 2428 3931 a-qualem,
2462 3872 2516 3917 et
2543 3860 2728 3917 eadem
2759 3876 2860 3931 qua
2899 3859 3013 3930 ipse
3048 3859 3643 3931 Anatnralitgaiternus
3666 3867 3749 3931 est

2149 3927 2424 3988 divinitate
2468 3927 2810 3988 comternuni.
2858 3927 2962 3986 Sed
3010 3928 3149 3986 idem
3199 3929 3291 3984 Dci
3321 3927 3492 3983 Filius
3517 3944 3653 3983 cum
3687 3929 3754 3983 sit

2150 4004 2290 4060 Deus
2315 4013 2547 4060 aeternus
2591 4013 2642 4056 et
2685 4019 2863 4070 verus,
2895 4011 2950 4058 et
2995 4017 3114 4056 cum
3145 4001 3644 4070 Patreisecundum
3675 4001 3756 4070 di:

2148 4077 2422 4131 vinitatem
2447 4074 2759 4130 naturaliter
2783 4066 2920 4128 unus
2944 4073 3104 4138 Deus,
3127 4069 3417 4127 secundum
3471 4069 3580 4126 hnc
3611 4066 3760 4137 quod

2149 4145 2298 4212 dicit,
2332 4147 2441 4219 Ego
2483 4156 2531 4200 et
2555 4144 2727 4219 _Pater
2752 4161 2909 4219 unum
2949 4161 3119 4198 simius
3149 4142 3325 4219 (Joun.
3360 4159 3411 4208 κ,
3443 4143 3574 4219 SD);
3612 4143 3761 4197 idem

2150 4233 2248 4288 pro
2278 4215 2430 4273 nobis
2450 4227 2531 4272 est
2555 4216 2715 4270 homo
2737 4217 2910 4288 lactus
2932 4231 3090 4288 verus
3115 4224 3170 4288 et
3221 4215 3410 4284 plenus
3436 4231 3450 4267 :
3480 4215 3533 4267 in
3565 4230 3646 4267 eo
3676 4230 3766 4268 ve-

2150 4285 2262 4351 rus,
2295 4291 2418 4359 quia
2446 4304 2626 4343 veram
2665 4287 2824 4342 habet
2852 4287 2989 4340 Deus
3029 4285 3116 4340 ille
3142 4286 3424 4359 humanam
3456 4295 3767 4346 naturam;

2150 4359 2203 4414 in
2235 4377 2299 4416 eo
2313 4356 2453 4414 'vero
2476 4361 2683 4429 plenus,
2713 4361 2834 4428 quia
2854 4366 3144 4429 etcarnem
3172 4356 3455 4429 humanam
3472 4359 3770 4429 suscepit,

2151 4440 2205 4486 et
2231 4432 2460 4486 animam
2476 4427 2826 4486 rationalem.
2877 4428 3021 4482 Idem
3051 4438 3227 4483 tamen
3256 4427 3584 4498 Unigenitus
3619 4428 3774 4480 Deus

2151 4503 2388 4560 secundo
2417 4503 2438 4535 ⁸
2463 4513 2617 4556 natus
2638 4511 2749 4562 est;
2778 4501 2942 4555 semel
2969 4515 3034 4553 ex
3066 4500 3242 4563 Patre,
3265 4498 3429 4553 semel
3454 4513 3525 4552 ex
3549 4507 3773 4552 matre:

2153 4586 2310 4631 natus
2337 4584 2420 4629 est
2446 4575 2587 4627 enim
2625 4572 2692 4626 de
2737 4572 2894 4626 Patre
2926 4570 3064 4624 Deus
3091 4569 3344 4637 Verbum,
3375 4580 3539 4624 natus
3573 4579 3681 4625 est
3713 4569 3778 4622 de

2152 4657 2324 4700 matre
2355 4645 2584 4699 Verbum
2614 4658 2739 4697 caro
2762 4641 2983 4697 factum.

2225 4719 2312 4774 il.
2350 4715 2491 4772 Unus
2516 4716 2672 4784 igitur
2697 4721 2778 4768 est
2805 4721 2962 4782 atque
2986 4711 3125 4767 idem
3157 4711 3300 4768 Deus
3325 4711 3418 4766 Dei
3448 4711 3644 4766 Filius
3677 4726 3779 4765 na-

2153 4796 2236 4843 tus
2263 4797 2384 4842 ante.
2411 4787 2605 4841 smcula
2625 4826 2638 4850 ,
2668 4793 2720 4839 et
2759 4793 2915 4838 natus
2957 4785 3010 4838 in
3038 4785 3233 4838 szeculo
3267 4801 3281 4835 :
3313 4791 3368 4837 et
3394 4794 3652 4853 utraque
3683 4797 3780 4836 na-

2152 4859 2329 4914 tivitas
2370 4858 2526 4912 unius
2568 4867 2651 4913 est
2688 4855 2806 4910 Filii
2837 4855 2965 4920 Dei;
3011 4853 3224 4922 divina,
3257 4853 3555 4909 secundum
3595 4865 3778 4924 quam

2151 4940 2360 4986 creator
2400 4930 2451 4983 in
2478 4928 2649 4983 forma
2679 4928 2770 4983 Dei
2797 4935 3094 4983 courternus
3137 4926 3279 4981 Patri
3308 4926 3450 4981 Deus
3494 4934 3632 4990 est;
3673 4924 3778 4979 ιιιιι

2153 5017 2332 5069 mana,
2352 5000 2642 5055 secundum
2663 5014 2821 5070 quam
2853 4999 3195 5070 semetipsum
3224 4997 3543 5053 exinaniens
3565 5008 3636 5051 et
3662 4995 3773 5070 for;

2154 5088 2295 5127 mam
2319 5061 2466 5126 'servi
2495 5061 2779 5139 accipiens,
2804 5084 2910 5124 non
2933 5061 3106 5124 solum
3139 5071 3191 5124 in
3219 5077 3481 5136 conceptu
3515 5061 3766 5139 materni

2154 5144 2288 5199 uteri
2321 5136 2699 5212 semetipsum,
2731 5142 2856 5212 dum
2896 5141 3056 5212 homo
3088 5142 3273 5204 tieret,
3304 5140 3492 5212 eadem
3531 5136 3750 5212 servilis

2153 5213 2340 5270 formae
2367 5209 2702 5282 susceptione
2731 5211 3013 5276 formavit;
3044 5226 3228 5282 verum
3253 5211 3411 5266 etiam
3439 5211 3519 5282 de
3544 5209 3735 5264 eodem

2155 5286 2341 5342 matris
2355 5295 2508 5341 utero
2526 5280 2672 5340 idem
2697 5287 2837 5340 Deus
2852 5284 3014 5339 homo
3039 5281 3206 5339 lactus
3231 5283 3414 5351 exivit,
3432 5291 3486 5337 et
3509 5280 3566 5335 in
3579 5288 3723 5334 cruce

2218 5512 2234 5544 ι
2261 5517 2390 5561 Unus
2412 5522 2443 5560 e
2466 5508 2701 5572 Vaticanis
2718 5514 2841 5572 tisse
2862 5514 2957 5558 Nec
2978 5505 3082 5572 ipse
3107 5504 3198 5558 Dei
3227 5504 3384 5558 Filius
3405 5504 3574 5556 diceret
3585 5509 3698 5551 ,ἀο-

2154 5574 2277 5624 teris
2298 5572 2435 5622 libris
2456 5571 2875 5622 dissentientibus.

2217 5637 2238 5668 ³
2262 5636 2399 5694 Editi,
2426 5634 2539 5684 bene
2562 5631 2845 5696 complacui.
2873 5632 3038 5689 Abest,
3058 5631 3189 5691 bene,
3211 5643 3244 5696 ia
3262 5639 3368 5682 MSS.

2220 5699 2240 5764 ξ
2264 5699 2400 5756 Editi,
2423 5696 2544 5764 filio
2565 5695 2744 5764 suniat
2762 5697 2977 5758 potiores
3000 5702 3101 5764 Mss.
3127 5695 3373 5756 omittunt,
3394 5705 3487 5744 suo.

2216 5759 2239 5791 ’δ
2262 5754 2394 5818 Lov.,
2423 5754 2804 5810 inmmtabilitat‘e
2828 5770 2932 5817 sua,
2961 5754 3089 5817 quia,
3120 5765 3214 5805 etc.

2217 5823 2239 5856 ⁸
2263 5822 2393 5886 Apud
2417 5829 2524 5872 ιον.
2546 5821 2774 5872 omissum
2798 5828 2922 5882 erat,
2944 5819 3172 5872 secutum.
