3860 6366
197 245 269 303 769
1322 238 1526 299 LIBER
1563 239 1652 297 DE
1690 239 1849 300 FIDE
1884 240 1978 299 Al)
2015 241 2316 301 PETRUM.

192 367 261 415 aut
283 356 349 413 vir
369 370 603 413 uxorem
633 356 894 427 accipere,
921 360 1012 427 aut
1042 351 1231 427 mulier
1257 351 1458 427 nubere
1483 353 1727 427 voluerit,

195 429 431 487 secundum
454 428 714 498 Apostoli
741 424 1466 498 sententiamdamitationem
1484 424 1729 498 habebit,

195 503 289 569 quia
310 493 524 570 primani
551 498 721 570 [idem
743 498 951 570 irritam
962 495 1095 570 iecit
1115 493 1133 566 (
1155 495 1174 548 1
1202 495 1334 570 Tim.
1359 495 1512 570 v42
1542 494 1581 565 ).
1614 496 1732 551 Sic-

193 565 355 640 utergo
385 569 692 640 secundum
736 567 974 640 Apostoli
1005 566 1343 640 sententiam,
1398 565 1616 640 dignum
1653 574 1736 621 est

190 636 372 696 utuxori
399 642 483 695 vir
509 638 751 695 debitum
789 636 1007 704 reddat,
1038 636 1283 691 similiter
1310 645 1364 690 et
1406 652 1545 691 uxor
1569 638 1684 691 viro
1714 654 1730 703 ;

190 712 283 782 quia
308 712 347 765 si
372 711 493 782 quis
542 708 814 779 acceperit
842 722 1062 782 uxorem
1106 722 1214 782 non
1255 715 1456 782 peccat,
1475 716 1542 782 _et
1569 708 1612 761 si
1629 708 1736 761 vir-

189 777 240 853 go
260 777 485 853 nupserit
514 796 627 835 non
647 777 834 853 peccat
861 796 877 832 ι
907 780 993 853 ita
1015 777 1309 853 secundum
1340 777 1577 853 ejusdem
1607 792 1736 847 apo-

194 847 289 907 stoli
327 847 537 916 dictum,
591 847 681 921 qui
707 849 953 904 statuerit
980 848 1032 902 in
1061 847 1224 903 corde
1273 863 1371 902 suo
1396 847 1605 921 ﬁrmus
1626 864 1734 903 non

195 922 354 977 labem
400 918 801 986 necessitatem,
849 927 1166 989 potestatem
1191 926 1368 973 autem
1395 918 1596 974 habens
1624 934 1736 975 suae

194 993 452 1058 voluntatis,
512 999 568 1047 et
610 992 815 1046 voverit
838 989 1236 1045 continentiam
1270 990 1380 1044 Deo
1407 990 1425 1059 (
1451 989 1608 1044 ICor.
1636 1006 1731 1059 v11,

196 1063 323 1127 3,27,
348 1064 409 1134 57
431 1064 479 1134 ),
521 1061 684 1118 debet
722 1075 849 1134 eam
889 1075 1058 1134 usque
1104 1060 1158 1114 in
1194 1060 1352 1134 tinem
1381 1068 1508 1134 tota
1542 1062 1735 1134 mentis

193 1130 506 1189 sollicitudine
547 1131 841 1200 custodire,
879 1147 947 1187 ne
972 1130 1380 1187 damnationem
1424 1130 1636 1198 habeat,
1689 1132 1734 1187 si

195 1204 375 1275 primam
404 1203 566 1258 ﬁdem
619 1203 837 1275 irritam
871 1202 1076 1275 fecerit.
1104 1202 1361 1257 Similiter
1386 1210 1441 1257 et
1468 1202 1736 1272 conjugati

194 1273 286 1340 viri,
305 1275 376 1330 vel
391 1275 691 1345 oonjugatae
714 1274 988 1345 mulieres,
1010 1273 1055 1328 si
1075 1287 1139 1327 ex
1160 1286 1423 1345 consensu
1445 1288 1735 1345 perennem

196 1344 281 1401 Deo
314 1343 997 1411 voverint'continentiam,
1029 1344 1275 1399 noverint
1303 1358 1362 1399 se
1384 1344 1493 1398 voti
1536 1344 1616 1398 sui
1641 1343 1737 1398 ob-

195 1416 341 1470 noxios
373 1416 600 1472 detineri
628 1416 646 1447 ⁸
676 1432 691 1482 ;
726 1430 825 1470 nec
868 1414 980 1483 jam
1027 1414 1127 1470 sibi
1157 1413 1352 1470 debere
1399 1415 1736 1470 commixtio-

194 1502 287 1558 nem
310 1488 497 1558 carnis,
532 1501 695 1558 quam
726 1486 921 1558 licitam
972 1485 1216 1555 primitus
1240 1484 1543 1541 habuerunt
1570 1501 1622 1558 ;_
1639 1484 1736 1541 sed

192 1556 278 1611 Deo
298 1572 350 1612 se
371 1554 571 1613 debere
618 1554 1023 1620 continentiam,
1076 1571 1235 1622 quam
1277 1564 1556 1611 voverunt.
1580 1554 1732 1611 Tunc

190 1628 693 1699 enimunusquisque
737 1642 979 1699 regnum
1005 1626 1268 1699 tetelorum
1292 1667 1308 1694 ,
1352 1626 1493 1697 quod
1538 1626 1737 1682 sanctis

187 1696 498 1767 promittitur,
526 1696 841 1770 poSsidebit,
864 1698 911 1753 si
932 1696 1253 1770 obliviscens
1264 1696 1393 1770 quae
1415 1706 1559 1753 retro
1587 1705 1732 1770 sunt,

182 1766 227 1824 et
245 1769 291 1823 in
314 1766 568 1825 anteriora
596 1767 896 1850 attendens
918 1782 1003 1851 .se
1030 1768 1202 1849 ipsum
1231 1766 1485 1891 (ιξΙιίιὶρρ.
1515 1784 1593 1834 ιιι,
1620 1768 1734 1850 l3),

182 1840 448 1891 secundum
477 1839 612 1891 quod
634 1855 689 1891 1n
737 1839 961 1891 Psalmis
992 1839 1205 1891 dieitur.
1292 1848 1446 1891 ovete.
1473 1848 1519 1891 et
1544 1838 1734 1891 reddite

177 1840 448 1910 gecundutn
477 1839 612 1910 quod
634 1839 689 1894 in
737 1839 961 1910 Psalmis
992 1839 1223 1910 dicitur,
1244 1838 1446 1910 Vovete,
1473 1848 1519 1892 et
1535 1838 1737 1910 reddite

178 1907 385 1991 Domino
411 1907 513 1991 Deo
536 1919 701 1991 uestro
713 1914 730 1979 (
748 1908 897 1991 Psal.
936 1908 1193 1991 uersa}?
1217 1909 1234 1991 )
1262 1926 1277 1973 ;
1308 1909 1455 1991 quod
1468 1908 1575 1990 scit
1614 1923 1735 1965 esse

181 1978 395 2044 licitum,
426 1990 478 2035 et
502 1981 563 2034 ad
582 1978 875 2050 profectum
917 1980 1149 2035 melioris
1182 1978 1300 2033 vita:
1326 1978 1617 2050 pertinere
1640 1994 1734 2033 co-

189 2051 408 2131 gnoseit,
429 2059 481 2105 et
516 2049 729 2131 libenter
774 2060 990 2131 voveat,
1022 2058 1076 2105 et
1125 2051 1407 2131 celeriter’
1428 2049 1656 2117 reddat,
1684 2058 1737 2105 et

185 2120 242 2174 in
295 2120 393 2176 hoc
444 2120 579 2191 quod
630 2131 794 2176 votum
839 2121 1050 2187 reddit,
1107 2120 1329 2177 meliore
1378 2136 1589 2191 semper
1646 2135 1736 2175 co-

182 2198 313 2244 natu
344 2190 587 2260 proficiat.
614 2192 758 2246 Omni
799 2193 942 2247 enim
974 2192 1185 2247 voventi
1222 2191 1331 2247 Deo
1380 2200 1435 2246 et
1493 2190 1736 2246 reddenti

180 2261 323 2330 quod
347 2263 501 2344 vovit,
542 2263 652 2332 ipse
690 2277 901 2344 quoque
928 2263 1071 2319 Deus
1111 2260 1297 2318 reddet
1325 2261 1559 2319 coelestia
1583 2261 1734 2333 regni

173 2334 386 2401 prazmia
411 2348 523 2401 quae
548 2334 810 2401 promisit.

238 2348 993 2469 gibbiuifogimiimu
1036 2404 1325 2460 ΡιιιιιΑ.47.
1384 2402 1587 2458 Natura
1608 2404 1738 2459 divi-

172 2486 238 2547 na
255 2472 355 2547 (α).
377 2474 701 2547 Firmissime
731 2474 909 2547 itaque
935 2484 1076 2547 tene,
1098 2485 1153 2529 et
1177 2474 1478 2531 nullatenus
1503 2474 1733 2540 dubites,

171 2540 375 2598 Patrém
407 2555 459 2601 et
482 2546 674 2600 Filium
723 2555 778 2601 et
822 2540 1075 2616 Spiritum
1109 2554 1352 2602 sanctum
1402 2561 1567 2600 unum
1617 2560 1737 2601 esse

172 2616 468 2687 naturaliter
495 2617 687 2682 Deum,
720 2616 774 2671 in
800 2619 953 2687 cujus
986 2617 1220 2687 nomine
1253 2616 1503 2687 baptizati
1529 2631 1732 2672 sumus.

181 2680 449 2764 Cutneuim
471 2687 612 2743 aliud
641 2680 837 2764 nomen
863 2680 954 2742 'sit
978 2686 1152 2764 Pater,
1203 2680 1345 2741 aliud
1373 2686 1562 2752 Filius,
1592 2687 1736 2741 aliud

181 2753 387 2823 Spiritus
427 2768 685 2822 sanctus;
729 2758 831 2812 hoc
874 2766 956 2813 est
996 2753 1173 2828 utique
1220 2773 1383 2812 unum
1414 2766 1615 2812 naturae
1642 2772 1738 2812 no-

179 2839 292 2899 men
320 2828 493 2883 horum
550 2830 737 2899 trium,
768 2828 909 2898 quod
962 2828 1156 2883 dicitur
1184 2828 1325 2884 Deus
1365 2846 1379 2882 :
1411 2829 1502 2899 qui
1527 2828 1656 2899 dicit
1683 2829 1738 2884 in

179 2892 591 2964 Deuteronomio,
630 2892 825 2965 Videte,
849 2899 1050 2971 videtef
1073 2899 1312 2971 quoniam
1337 2892 1557 2971 ego-sum
1573 2898 1733 2971 Deus,

173 2974 209 3017 et
232 2984 334 3022 non
375 2980 443 3025 est
470 2972 606 3025 alius
656 2980 840 3040 puriter
865 2986 941 3024 me
965 2969 986 3040 ί
1012 2968 1161 3024 Deut.
1215 2968 1389 3040 xtxxn,
1420 2968 1491 3024 59
1515 2968 1535 3040 )
1558 2978 1651 3040 ;_et
1670 2970 1738 3026 de

170 3050 265 3103 quo
289 3040 494 3107 dicitur,
549 3037 690 3094 Audi
728 3039 894 3095 Israel
912 3056 930 3093 :
950 3037 1201 3094 Dominus
1228 3039 1369 3094 Deus
1388 3037 1524 3104 tuus,
1553 3037 1739 3103 Domi-

170 3121 520 3185 ttusunusest;
568 3122 645 3185 et,
669 3182 679 3185 _
707 3109 981 3185 Dominum
1009 3109 1192 3185 Deum
1232 3119 1373 3164 tuum
1415 3109 1667 3177 adorabis,
1691 3119 1739 3164 et

169 3176 535 3253 “(gortynia
563 3182 582 3252 (
607 3180 799 3253 Id.tv1,
828 3183 883 3248 4,
914 3182 981 3237 15
1008 3179 1053 3253 )ν.

229 3248 451 3307 CAPUT
493 3248 675 3319 V,'seu
706 3252 838 3307 Rue.
886 3268 942 3307 ιι.
980 3248 1071 3307 4'8.
1124 3250 1267 3307 Unus
1314 3251 1473 3316 Deus,
1513 3251 1734 3307 Firmis«

158 3317 292 3391 gime
322 3332 457 3391 tene,
490 3317 548 3379 et
567 3323 868 3377 nullatenus
892 3323 1120 3386 dubites,
1146 3322 1362 3378 Patrem
1384 3330 1437 3376 et
1461 3321 1657 3377 Filiqu
1684 3330 1735 3378 et

155 3385 410 3460 Spiritum
443 3385 720 3460 "sanctum,
758 3393 809 3447 id
855 3402 956 3459 est,
1003 3385 1243 3448 sanctam
1271 3392 1585 3447 Trinitatem
1615 3407 1737 3449 esse

153 3459 341 3516 solum
374 3465 677 3520 naturaliter
708 3459 895 3519 verum
934 3463 1121 3519 Deum.
1144 3463 1277 3530 Quia
1306 3477 1425 3517 cum
1478 3471 1584 3519 tres
1607 3464 1736 3519 deos

151 3530 329 3601 nobis
358 3535 524 3590 colere
564 3550 670 3589 non
718 3535 893 3601 liceat,
956 3533 1059 3589 nisi
1110 3549 1275 3589 unum
1326 3534 1497 3589 solum
1550 3548 1736 3589 verum

147 3595 336 3657 Deum
360 3621 376 3657 :
407 3615 574 3660 tamen
593 3606 732 3661 sicut
747 3595 905 3659 Pater
943 3605 1081 3659 Deus
1098 3620 1257 3661 verus
1277 3603 1472 3659 dicitur
1501 3611 1734 3660 testante

147 3666 437 3747 Apostolo,
460 3678 547 3747 qui
572 3679 666 3743 ait,
696 3675 930 3730 Conversi
950 3676 1066 3730 estis
1089 3675 1157 3728 ad
1178 3673 1351 3747 Deum,
1366 3690 1400 3747 ᾳ
1425 3673 1733 3747 simulacris,

149 3746 343 3816 meire
368 3743 610 3803 Deo-vivo
631 3756 679 3800 et
699 3762 833 3813 vero,
863 3754 910 3800 et
955 3754 1241 3816 exspectare
1284 3743 1481 3816 Filium
1530 3745 1640 3815 ejus
1674 3745 1738 3799 de

150 3814 313 3877 talis,
342 3833 485 3886 quem
529 3818 790 3873 suscitavit
814 3834 846 3871 a
885 3814 1090 3869 mortuis
1118 3815 1294 3870 Jesum
1324 3814 1383 3939 Si
1418 3814 1591 3870 Thess.
1617 3831 1655 3882 1,
1680 3816 1734 3883 9,

152 3878 217 3934 10
242 3885 260 3939 l
286 3906 304 3939 :
337 3888 405 3939 ita
430 3904 645 3939 auoaue
683 3886 876 3939 Filium
905 3902 1091 3939 verum
1119 3888 1283 3939 Deum
1359 3901 1558 3939 oannes
1587 3900 1734 3939 com-

152 3878 217 3934 10
242 3885 260 3955 )
286 3906 311 3959 ςί
337 3878 405 3942 ita
430 3904 645 3959 quoque
683 3886 876 3959 Filium
905 3902 1091 3959 verum
1119 3888 1283 3959 Deum
1326 3878 1563 3959 Ξἶριιιιιιθξ
1587 3878 1738 3959 com;

152 3954 372 4015 mehdat
393 3954 675 4028 apostolus
704 3958 906 4022 dicens,
947 3956 1151 4011 Scimus
1178 3958 1297 4027 quia
1317 3954 1482 4011 Filius
1526 3955 1621 4009 Dei
1649 3972 1737 4009 ve-

151 4031 250 4097 nit,
280 4040 329 4082 et
350 4030 485 4084 dedit
536 4029 685 4083 nobis
711 4029 1037 4095 intellectum,
1063 4036 1118 4080 ut
1160 4043 1519 4097 cognoscamus
1566 4042 1737 4097 verum

151 4095 339 4164 om,
374 4110 421 4153 et
448 4101 611 4155 simus
638 4101 693 4153 in
729 4114 843 4153 vero
874 4097 1012 4151 Filio
1054 4100 1163 4167 ejus
1212 4095 1337 4152 Jesu
1374 4096 1594 4152 Christo.
1637 4095 1738 4151 Hic

151 4182 221 4225 est
274 4170 412 4225 Deus
436 4187 608 4237 verus,
635 4178 684 4223 et
729 4170 828 4223 vita
868 4166 1104 4240 wterna’(
1130 4166 1325 4240 lJoatt.
1370 4183 1424 4240 v,
1451 4167 1521 4223 20
1552 4167 1590 4236 ).
1638 4167 1740 4235 Qui

153 4242 338 4311 utique
358 4241 611 4309 quoniam
637 4255 795 4311 verus
806 4240 948 4294 Deus
961 4238 1246 4311 estletiam
1267 4238 1475 4311 Veritas
1504 4247 1609 4311 est,
1627 4241 1735 4292 sic-

158 4322 217 4366 ut
240 4307 359 4381 ipse
380 4307 482 4365 nos
502 4311 719 4381 edocet,
758 4309 941 4381 dicens
965 4326 985 4381 ε
1028 4307 1142 4380 Ego
1181 4326 1293 4362 sum
1334 4310 1432 4376 via,
1481 4310 1661 4381 veritas
1692 4318 1739 4363 et

153 4378 299 4450 sitat
328 4380 482 4437 lam.
510 4397 625 4447 x1v,
658 4380 693 4436 6
712 4380 755 4451 )_.
784 4380 861 4434 De
884 4378 1094 4451 Spiritu
1117 4394 1329 4450 quoque
1358 4386 1542 4451 saneto
1571 4378 1737 4433 Joan-

157 4447 543 4533 gegepostolus
571 4452 668 4516 ait,
704 4447 835 4533 Quia
869 4447 1092 4533 Spiritus
1118 4447 1191 4533 est
1219 4447 1399 4533 veritas
1420 4447 1439 4521 (
1456 4449 1651 4503 lJoan.
1684 4465 1738 4517 v,

159 4520 193 4575 6
221 4522 266 4592 ).
291 4520 356 4577 Et
379 4522 562 4592 utique
582 4536 691 4575 non
733 4529 907 4592 potest
934 4520 1246 4592 naturaliter
1278 4520 1609 4592 Deus'verus
1633 4536 1739 4575 non

161 4590 305 4663 esse,
336 4594 419 4663 qui
444 4590 656 4647 Veritas
682 4600 783 4663 est.
807 4590 985 4663 Quem;
1002 4592 1164 4663 etiam
1196 4591 1361 4645 Deum
1389 4590 1584 4663 Paulus
1612 4605 1741 4659 apo-

163 4662 333 4717 stolus
349 4660 648 4725 confitetur,
673 4662 857 4717 dicens
887 4678 900 4715 :
932 4660 1159 4715 Membra
1177 4671 1340 4715 vestra
1361 4660 1601 4730 templum
1624 4670 1740 4715 sunt

167 4730 387 4801 Spiritus
412 4733 595 4799 sancti,
622 4732 709 4802 qui
754 4732 809 4802 in
832 4732 968 4785 vobis
996 4740 1090 4797 est,
1139 4748 1287 4802 quem
1336 4730 1526 4785 habetis
1552 4748 1582 4784 a
1608 4731 1737 4798 Deo,

166 4811 327 4873 etnon
366 4806 482 4859 estis
530 4801 701 4857 vestri.
750 4801 928 4873 Empti
970 4802 1101 4856 enim
1147 4801 1268 4856 estis
1311 4801 1469 4871 pretio
1512 4819 1694 4873 magno
1722 4818 1741 4857 :

461 4883 509 5001 ft
554 4880 751 4943 portate
797 4871 963 4926 Deum
991 4873 1044 4926 in
1086 4888 1296 4943 corpore
1338 4881 1498 4927 vestro
1528 4872 1546 4942 (
1577 4871 1737 4929 l'Cor.

199 4958 234 5001 Ι.
332 4988 345 5001 .
486 4985 500 4998 .

166 4955 234 5008 ﬂ,
263 4955 345 5008 19,
370 4955 441 5001 Ξυ
460 4955 500 5008 ).

232 4945 569 5083 dibiii’in,
620 5030 710 5070 seu
739 5013 873 5069 Rau.
904 5028 982 5069 ιιι.
1026 5012 1118 5083 49.
1145 5010 1286 5067 Deus
1333 5021 1564 5068 wternus.
1620 5014 1741 5069 Fir-

160 5084 395 5141 missime
423 5096 565 5152 tene,
594 5096 649 5141 et
665 5084 969 5140 nullatenus
1007 5082 1240 5148 dubites,
1296 5083 1507 5139 Patrem
1549 5094 1603 5140 et
1645 5084 1740 5139 Fi-

156 5152 287 5209 lium
310 5166 366 5213 et
388 5156 650 5227 Spiritum
676 5153 1011 5227 sanctum,id
1030 5162 1133 5227 est,
1163 5162 1400 5227 sanctam
1427 5154 1740 5211 Trinitatem

152 5239 316 5295 unum
355 5224 544 5283 verum
584 5226 754 5281 Deum
806 5225 925 5281 sine
970 5224 1124 5295 initio
1166 5225 1548 5295 sempiternum
1598 5242 1738 5281 esse.

146 5294 382 5369 Propter
411 5297 554 5370 quod
582 5297 844 5368 scriptum
857 5304 940 5353 est
972 5312 986 5349 :
1018 5293 1086 5349 In
1097 5293 1345 5366 principio
1361 5306 1467 5351 erat
1502 5294 1738 5363 Verbum,

198 5437 223 5467 ι
254 5441 390 5486 Unass
413 5447 443 5485 e
465 5433 706 5484 Vaticanis
718 5438 850 5491 Itss.,
872 5446 924 5485 se
944 5430 1020 5484 sui
1035 5431 1130 5483 voti
1148 5443 1278 5484 nexu
1302 5429 1521 5483 detineri.

197 5500 234 5559 ί,
254 5497 661 5559 UnnstVaticanus
682 5503 787 5557 318.,
803 5493 1030 5559 ﬁdeliter.

220 5556 236 5629 ξ
250 5559 329 5629 sic
340 5628 343 5629 ν
350 5558 725 5629 piceiquebiss:
731 5554 789 5607 Ai
803 5554 1097 5629 'lpv.nsemel
1119 5554 1516 5629 tantumhvidete.

217 5618 282 5683 (α)
304 5616 431 5683 Hine
452 5616 689 5682 incipiunt
701 5616 903 5683 [tegulae
916 5617 1048 5679 ﬁdei,
1072 5631 1279 5667 numero
1295 5618 1377 5677 40,
1400 5619 1452 5666 in
1470 5619 1744 5683 corbeiensi

304 5680 522 5747 aliisque
551 5670 809 5745 nonnullis
852 5688 957 5731 Mss.
1135 5686 1273 5733 notas
1304 5670 1577 5745 numericas
1611 5681 1743 5735 desi-

1814 2758 1821 2769 .
1843 2716 1937 2771 tris
1968 2717 2220 2783 insonuit,

3316 259 3424 321 770

1844 364 1890 411 et
1914 355 2131 437 Verbum
2153 358 2413 437 eratapud
2427 358 2611 437 Deum,
2638 370 2690 437 et
2724 364 2862 422 Deus
2895 377 3002 424 erat
3039 368 3255 430 Verbum
3281 391 3301 431 :
3329 378 3427 437 hoe

1839 438 1945 483 erat
1970 430 2021 483 in
2052 431 2300 513 principio
2328 432 2468 512 apud
2492 430 2691 514 ρεαηι(
2713 437 2871 493 Joan.
2902 455 2940 507 1,
2968 442 3021 507 1,
3053 442 3088 496 2
3182 430 3306 502 licet:
3322 430 3424 505 de:
3474 438 3477 441 ν

1840 514 1945 569 nuo
1975 510 2367 569 sempiternitas
2412 511 2685 559 intimatur
2722 507 2774 561 in
2804 509 3037 569 Psalmo.
3071 529 3105 567 ιι
3146 515 3159 569 i
3207 517 3421 569 dicitur-

1840 514 1945 578 rmo
1975 504 2367 578 sempiternitas
2412 504 2685 559 intimatur
2722 507 2774 561 in
2804 504 3037 578 Psalmo,
3071 504 3159 569 ubi
3207 504 3402 576 dicitur

1839 563 2158 662 Deusiau‘tém
2183 571 2296 662 Rea:
2315 582 2483 662 noster
2505 583 2622 629 ante
2635 577 2873 662 simulat
2897 563 3043 636 1,5612
3064 563 3423 662 1;

1839 640 2026 783 fail)?
2040 643 2206 783 10%,)
2220 644 2548 766 Sempiterna
2575 663 2770 718 quoque
2795 640 2904 721 ejus
2928 654 3083 708 virtus
3110 665 3158 711 et
3186 640 3423 719 divin—illas

1916 729 2014 765 om.
2042 729 2078 776 1,
2101 729 2171 769 zu
2189 729 2233 776 ).

1877 714 2233 839 namque),
2351 714 2357 716 '
2588 714 2596 717 '
2686 714 2697 718 ’
2811 714 2829 721 '

1877 781 2125 864 “CAPUI
2176 784 2285 864 _li,
2316 803 2405 841 seu
2456 789 2591 846 nec.
2635 805 2708 845 1v.
2751 790 2848 864 A50.
2900 791 3037 850 Deus
3086 796 3421 858 incommuta-

1839 851 1971 938 bilis.
2008 851 2354 938 firmissime
2395 866 2537 938 tene,
2571 868 2626 917 et
2675 860 2973 938 nullatenus
3000 851 3422 938 dubitem-"san-

1838 932 1985 1011 etum
2000 924 2534 1011 ‘Trinitatemsolum
2551 946 2735 987 verum
2764 933 2951 1011 Deum,
2968 935 3104 991 sicut
3130 924 3412 1011 mternum",

1840 996 1910 1068 ita
1936 996 2108 1068 solum
2139 1000 2449 1057 naturaliter
2465 996 2953 1059 incommutabilem
2974 1021 3113 1061 esse.
3142 1007 3255 1065 Hoc
3277 996 3418 1068 enim

1839 1066 2127 1160 sigriiliic'at,
2142 1083 2288 1160 eum
2313 1070 2447 1160 dicit
2500 1087 2781 1160 servo‘suo
2806 1074 2971 1160 bioysi
3007 1076 3159 1160 :_Ego
3200 1097 3313 1160 tum
3336 1066 3422 1154 qui

1839 1137 2191 1221 s'um(.E:t;o_d.
2228 1156 2310 1221 1_11,
2338 1142 2464 1221 i4).
2511 1144 2645 1200 [line
2672 1137 3141 1221 ‘_ct_in_'Psalmis
3186 1137 3417 1209 dicitu'ri

1839 1205 1906 1289 _In
1926 1205 2192 1279 principio,
2216 1205 2651 1289 DoLntiné,_terram
2671 1217 2916 1285 fundasti,
2941 1227 2986 1272 et
3011 1236 3166 1289 opera
3184 1205 3423 1279 manuum

1840 1285 2040 1333 tuarum
2062 1289 2178 1363 sunt
2191 1283 2375 1363 chi._1
2383 1286 2462 1353 psi
2491 1283 2741 1355 peribunt,
2772 1296 2826 1341 tu
2848 1298 3015 1343 autem
3045 1283 3350 1363 "permanes:
3375 1306 3421 1351 et

1838 1364 2011 1436 omnes
2044 1355 2203 1436 sicut.
2222 1355 2582 1436 pestimentum
2620 1366 2918 1436 veterascent
2945 1400 2960 1425 ,
3002 1355 3060 1414 εί
3100 1362 3228 1436 sieut
3271 1382 3420 1436 oper-

1840 1420 2022 1508 toriu'm
2044 1424 2395 1508 ιιιιιιαιήὶιυαςολειἈ
2414 1436 2460 1508 et
2480 1427 2802 1482 mutabuntur
2827 1446 2847 1495 ;
2877 1438 2931 1483 tu
2947 1420 3133 1487 autem
3154 1433 3287 1489 idem
3303 1420 3421 1508 'ipse

1839 1505 1889 1545 es
1914 1490 1932 1563 (
1955 1489 2098 1547 Psal.
2139 1510 2208 1560 c1,
2232 1489 2396 1552 26-28
2422 1495 2464 1570 ).

1910 1582 2132 1640 CAPUT
2168 1585 2319 1654 Vill,
2349 1605 2436 1643 seu
2465 1588 2597 1646 Rue.
2629 1606 2684 1645 ν.
2716 1590 2805 1647 51.
2837 1591 2976 1647 Deus
3027 1596 3251 1650 omnium
3276 1614 3421 1653 crea-

1840 1661 1937 1734 tor.
1996 1655 2325 1734 Firmissime
2377 1669 2528 1734 tene,
2572 1668 2626 1715 et
2666 1661 2966 1718 nullatenus
2996 1663 3255 1734 dubites,
3293 1684 3420 1724 san-

1839 1732 1981 1807 ctam
2021 1726 2333 1807 Trinitatem
2379 1730 2551 1785 solum
2598 1746 2719 1807 esse
2755 1748 2946 1807 verum
2990 1733 3192 1802 Deum,
3240 1726 3421 1795 rerum

1839 1799 2086 1872 omnium
2104 1799 2386 1872 visibilium
2426 1812 2584 1872 atque
2614 1802 2955 1858 invisibilium
2996 1799 3329 1862 creatorem:
3355 1810 3423 1866 de

1839 1881 1943 1935 quo
1974 1867 2024 1943 in
2057 1868 2281 1925 Psalmis
2310 1867 2518 1943 dicitur,
2555 1872 2742 1927 Beatus
2767 1874 2913 1943 cujus
2934 1873 3074 1931 Deus
3088 1876 3246 1932 Jacob
3265 1881 3422 1943 adju-

1840 1945 1917 1990 tor
1937 1939 2065 2008 ejus,
2089 1957 2201 2009 spes
2220 1944 2328 2009 ejus
2353 1942 2405 1995 in
2420 1942 2635 2017 Domino
2658 1943 2766 2017 Deo
2787 1939 2969 2017 ipsius,
2996 1948 3083 2017 qui
3108 1949 3223 2017 fecit
3243 1939 3423 2006 cerium

1837 2017 1887 2089 et
1906 2018 2110 2089 terram,
2140 2027 2277 2089 mare
2297 2020 2342 2066 et
2363 2013 2532 2089 omnia
2547 2029 2657 2089 quae
2680 2015 2827 2089 ineis
2835 2024 2960 2089 sunt
2982 2013 3153 2089 (Paul.
3173 2032 3333 2087 CXLV,
3362 2023 3418 2089 5,

1839 2076 1915 2147 6).
1946 2080 2023 2159 De
2057 2096 2160 2150 quo
2198 2081 2357 2159 etiam
2392 2076 2680 2152 Apostolus
2724 2084 2890 2159 dicit:
2922 2076 3252 2159 Quoniamea:
3282 2076 3415 2159 ipso;

1840 2165 1927 2218 per
1959 2151 2146 2220 ipsum,
2179 2161 2223 2205 et
2252 2154 2304 2206 in
2330 2151 2452 2223 ipso
2469 2164 2585 2209 sunt
2603 2156 2811 2223 omnia;
2838 2155 2936 2225 ipsi
2962 2156 3127 2227 gloria
3153 2159 3207 2213 in
3232 2151 3421 2216 uacula

1839 2218 2016 2291 (Rom.
2042 2236 2114 2287 ιιι,
2141 2223 2253 2291 56).
3001 2240 3006 2246 ’

1916 2237 2016 2274 om.
2042 2236 2114 2287 ιιι,
2141 2225 2253 2287 56).
2966 2225 3006 2246 ⁷·

1888 2290 2136 2371 'CAPUT
2167 2290 2270 2360 IX,
2298 2310 2387 2349 seu
2429 2294 2564 2371 Rue,
2601 2311 2673 2351 v1.
2716 2295 2805 2371 52:
2842 2295 3072 2371 Trinitqs
3105 2299 3159 2371 in
3201 2302 3415 2359 unitate.

1840 2359 2171 2435 Firmissime
2197 2359 2338 2431 tene,
2366 2374 2419 2421 et
2442 2367 2745 2423 nullatenus
2769 2366 2998 2435 dubites,
3023 2369 3195 2425 Patris
3220 2381 3275 2428 et
3296 2372 3418 2430 Filii

1840 2439 1893 2487 et
1919 2432 2146 2503 Spiritus
2188 2437 2355 2491 sancti
2388 2452 2546 2491 unam
2585 2437 2798 2508 quidem
2839 2453 2960 2493 esse
2985 2432 3242 2496 naturam
3265 2484 3280 2507 ,
3307 2451 3420 2501 tres

1841 2517 1967 2581 vero
1996 2520 2393 2581 essgpersonas
2420 2508 2774 2581 :Patremque
2804 2508 2987 2581 solum,
3004 2524 3123 2581 esse
3146 2511 3237 2580 qui
3261 2512 3415 2581 dixit,

1839 2573 2035 2651 Higest
2062 2573 2229 2651 Filius
2254 2595 2391 2632 meus
2415 2578 2646 2646 dilectus,
2673 2573 2727 2633 in
2756 2596 2853 2650 quo
2880 2580 3020 2651 mihi
3043 2573 3333 2651 complacui
3353 2573 3413 2641 ’Ξ

1839 2653 1906 2720 et_
1920 2644 2112 2720 Filium
2138 2648 2311 2703 solum
2348 2664 2467 2720 esse
2495 2644 2658 2720 super
2686 2644 2844 2720 quem
2875 2650 2963 2705 illa
2996 2666 3094 2705 vox
3122 2644 3290 2709 solius
3318 2654 3422 2710 Pa-

2292 2719 2467 2774 uando
2511 2719 2827 2776 in’Jordane
2860 2722 3155 2777 secundum
3199 2738 3415 2782 carnem

1840 2785 2135 2861 baptizatus
2163 2798 2245 2844 est
2270 2785 2580 2861 Unigenitus
2610 2792 2773 2858 Deus,
2802 2791 2894 2861 qui
2919 2807 3134 2849 carnem
3161 2795 3307 2850 solus
3328 2812 3420 2853 ac-

1840 2860 1978 2933 cepit
2003 2876 2016 2912 :
2039 2870 2093 2915 et
2117 2860 2369 2933 Spiritum
2384 2860 2632 2916 ’sanctum
2660 2860 2831 2933 Patris
2850 2871 2904 2917 ct
2927 2861 3045 2918 Filii
3072 2864 3243 2918 solum
3273 2881 3415 2933 esse,

1840 2929 1930 2999 qui
1959 2931 2223 3004 in‘specie
2251 2932 2513 3004 columbae
2529 2947 2701 3004 super
2720 2932 2988 3004 Christum
3019 2934 3342 3004 baptizatum
3365 2929 3420 2995 et

1840 3000 2215 3079 ascendentem
2251 3003 2321 3079 ab
2346 3018 2481 3079 aqua
2511 3000 2786 3058 descendit
2810 3003 3024 3079 (Matth.
3054 3000 3127 3072 xi,
3148 3006 3259 3079 __i_7,_
3283 3007 3373 3079 16)
3400 3049 3418 3076 ,

1840 3079 1893 3143 et
1918 3073 2354 3142 quinquagesimo
2381 3073 2465 3127 die
2494 3082 2614 3143 post
2646 3074 3093 3128 resurrectionem
3137 3074 3333 3132 Christi
3356 3073 3423 3132 ii-

1840 3140 1987 3214 deles
2014 3140 2201 3214 iniun‘o
2228 3144 2346 3198 loco
2370 3140 2571 3214 positos
2612 3145 2662 3198 in
2694 3144 2995 3213 linguarum
3037 3145 3309 3213 iguearum
3339 3148 3421 3202 di-

1838 3212 2043 3268 visione
2064 3212 2084 3244 ⁸
2109 3212 2398 3286 adveniens
2427 3214 2647 3284 replevit
2680 3214 2813 3286 (Act.
2844 3230 2901 3286 ιι,
2931 3214 2984 3279 ’5,
3011 3212 3087 3286 4).
3118 3214 3265 3286 Illam
3295 3233 3422 3274 vero

1840 3298 2026 3338 vocem
2056 3299 2158 3354 qua
2185 3285 2329 3339 solus
2358 3286 2566 3340 locutus
2587 3295 2669 3340 est
2690 3284 2837 3339 Deus
2857 3284 3113 3350 Pater,'et
3140 3285 3283 3340 illam
3306 3301 3425 3343 car-

1839 3369 1963 3409 nem
2002 3370 2107 3424 qua
2134 3356 2278 3410 solus
2323 3354 2483 3411 homo
2516 3358 2681 3410 tactus
2710 3364 2793 3410 est
2820 3354 3134 3425 Unigenitus
3163 3355 3337 3425 Deus,
3369 3368 3424 3414 et

1840 3425 1986 3499 illam
2006 3426 2307 3499 columbam
2330 3426 2381 3499 in
2404 3427 2555 3499 cujus
2575 3426 2751 3499 Specie
2771 3425 3000 3499 Spiritus
3025 3434 3238 3499 sanctus
3259 3442 3422 3499 super

1840 3493 2109 3567 Christum
2131 3497 2423 3567 descendit,
2456 3493 2676 3567 illasque
2698 3493 2901 3567 linguas
2919 3497 3099 3566 igneas
3120 3496 3172 3551 in
3198 3493 3422 3567 quarum

1841 3565 2101 3621 divisione
2141 3566 2368 3622 ﬁdeles“
2395 3569 2448 3621 in
2489 3565 2757 3638 unolloco
2780 3565 3115 3638 constitutos
3160 3565 3421 3638 replevit,

1840 3652 2002 3706 opera
2027 3652 2146 3692 esse
2176 3638 2333 3693 totius
2360 3647 2558 3693 sancta:
2587 3636 2883 3705 Trinitatis,
2915 3637 2968 3691 id
2991 3645 3092 3701 est,
3128 3636 3281 3693 unius
3301 3636 3420 3707 Dei,

1958 3708 2083 3762 fecit
2109 3710 2287 3764 omnia
2313 3709 2365 3764 in
2390 3709 2528 3766 caelo
2557 3716 2611 3764 et
2634 3709 2687 3764 in
2714 3718 2873 3776 terra,
2909 3707 3135 3764 visibilia
3161 3717 3215 3764 et
3242 3708 3425 3766 invisi-

1877 3797 1891 3833 1
1917 3795 1983 3834 ia.

1877 3795 1983 3834 illa.

1912 3849 2137 3906 CAPUT
2168 3850 2239 3915 X,
2269 3867 2355 3906 seu
2380 3852 2513 3907 RBG.
2544 3867 2635 3905 v11.
2669 3850 2756 3906 53.
2783 3849 3050 3906 Distinctio
3072 3867 3420 3922 personarum.

1842 3921 2173 3976 Firmissime
2196 3931 2340 3989 tene,
2373 3932 2427 3978 et
2454 3922 2759 3976 nullatenus
2786 3922 3019 3990 dubites,
3047 3921 3219 3977 selum
3249 3922 3419 3978 Deum

1840 3992 2056 4057 Filium,
2086 3992 2138 4046 id
2167 4002 2248 4048 est
2270 4033 2285 4057 ,
2328 4009 2486 4048 unam
2517 4009 2581 4047 ex
2610 3992 2870 4047 Trinitate
2913 4007 3196 4063 personam
3216 4034 3232 4061 ,
3260 3992 3426 4048 solius

1842 4063 1935 4117 Dei
1964 4063 2133 4117 Patris
2154 4077 2272 4118 esse
2292 4063 2483 4117 Filium
2509 4081 2521 4116 :
2546 4062 2800 4131 Spiritum
2823 4062 2950 4117 vero
2966 4073 3227 4126 sanctum,
3252 4063 3425 4132 ipsum

1841 4148 2238 4205 quoqueunam
2264 4149 2332 4205 ear
2358 4133 2955 4205 'l‘rinitatepersonanr,
2988 4147 3093 4205 non
3123 4133 3290 4205 solius
3319 4132 3423 4187 Pa-

1843 4201 2080 4270 tris,_scd
2124 4204 2280 4257 simul
2311 4203 2483 4258 Patris
2514 4215 2566 4259 et
2600 4203 2720 4257 Filii
2762 4219 2880 4257 esse
2908 4202 3183 4272 Spiritum.
3224 4201 3420 4258 Osten-

1842 4275 1976 4329 dcns
2003 4274 2143 4329 enim
2178 4276 2313 4330 Deus
2341 4273 2507 4329 Filius
2532 4289 2591 4329 se
2620 4274 2792 4329 solum
2822 4288 2942 4329 esse
2970 4272 3037 4327 de
3077 4274 3235 4327 Patre
3264 4273 3416 4330 ueni-

1846 4355 1956 4400 tum
1996 4346 2106 4408 ait,
2137 4343 2226 4400 Sic
2266 4345 2395 4399 enim
2435 4344 2573 4399 Deus
2615 4344 2790 4398 dilexit
2819 4343 3101 4409 mundum,
3127 4351 3182 4396 ut
3221 4342 3419 4397 Filium

1844 4433 1989 4471 suum
2012 4416 2324 4487 unigenitum
2349 4414 2490 4469 daret
2512 4431 2531 4469 .'
2558 4424 2611 4470 et
2640 4415 2797 4487 paulo
2827 4422 2965 4484 post,
2992 4414 3095 4487 Qui
3119 4422 3290 4487 autem
3313 4430 3416 4487 non

1844 4488 2025 4550 credit,
2046 4484 2178 4558 ja'n_tt
2194 4486 2457 4558 judicatus
2486 4493 2595 4551 est;
2618 4486 2876 4558 quianon
2890 4484 3115 4558 credidit
3140 4484 3193 4537 in
3220 4484 3422 4539 nomine

1844 4554 2089 4629 unigeniti
2112 4554 2239 4629 Fitii
2268 4556 2363 4629 Dei
2392 4554 2566 4629 (Joan,
2595 4554 2672 4623 ιιι,
2702 4555 2787 4629 16,
2816 4554 2930 4629 18).
2960 4554 3424 4629 Spiritumautem

1844 4625 2087 4685 sanetum
2111 4636 2162 4683 et
2180 4627 2351 4683 Patris
2370 4637 2423 4681 et
2446 4626 2569 4683 Filii
2594 4641 2712 4682 esse
2736 4625 2989 4696 Spiritum
3016 4625 3305 4696 Apostolus
3330 4626 3428 4680 do-

1845 4707 1967 4765 cet,
1999 4701 2086 4770 qui
2112 4700 2222 4764 ait,
2254 4697 2354 4770 Vos
2383 4708 2681 4770 autemnon
2702 4697 2818 4770 estis
2844 4697 2895 4750 in
2921 4713 3106 4770 carne,
3131 4696 3221 4751 sed
3250 4696 3303 4750 in
3322 4698 3428 4766 spi-

1846 4771 1985 4835 ritu;
2014 4767 2058 4825 si
2088 4780 2251 4823 tamen
2278 4769 2503 4839 Spiritus
2529 4769 2625 4822 Dei
2651 4768 2839 4839 habitat
2864 4770 2916 4821 in
2940 4767 3076 4822 vobis
3098 4784 3116 4822 :
3136 4777 3189 4822 et
3214 4774 3429 4839 secutus

1845 4842 1953 4895 ait:
1979 4841 2039 4895 Si
2069 4842 2180 4910 quis
2209 4837 2373 4894 autem
2401 4840 2653 4910 Spiritum
2681 4837 2866 4894 Christi
2895 4855 2997 4893 non
3022 4838 3190 4905 habet,
3217 4838 3299 4891 hic
3325 4854 3429 4894 non

1845 4920 1916 4966 est
1945 4912 2052 4982 ejus
2085 4911 2256 4982 (Rom.
2285 4926 2401 4977 vni,
2430 4911 2505 4982 9).

1915 4980 2141 5037 CAPUT
2175 4981 2281 5048 .\'l,
2332 4998 2418 5035 seu
2462 4980 2596 5039 Rue.
2640 4997 2753 5037 vm.
2809 4981 2896 5036 54.
2941 4980 3163 5051 Spiritus
3207 4987 3431 5051 sanctus.

1843 5053 2177 5109 Firmissime
2206 5062 2345 5120 tene,
2377 5061 2431 5107 et
2459 5053 2760 5108 nullatenus
2784 5050 3016 5118 dubites,
3040 5051 3285 5106 eumdem
3311 5050 3433 5120 Spi-

1845 5125 2005 5179 ritum
2035 5133 2299 5187 sanetum,
2329 5125 2417 5194 qui
2448 5124 2619 5178 Patris
2649 5133 2703 5179 et
2743 5123 2862 5178 Filii
2892 5138 3027 5178 unus
3055 5121 3286 5194 Spiritus
3312 5130 3430 5194 est,

1846 5196 1915 5251 de
1943 5195 2097 5249 Patre
2125 5203 2179 5248 et
2219 5190 2363 5249 Filio
2398 5194 2707 5265 procedere.
2728 5194 2877 5265 _Dieit
2902 5194 3045 5249 enim
3064 5191 3237 5265 Filius
3262 5207 3276 5243 :
3307 5190 3434 5246 Cum

1847 5266 2033 5337 venerit
2050 5265 2275 5337 Spiritus
2294 5260 2534 5337 ueritatis,
2556 5266 2638 5337 qui
2661 5282 2692 5319 a
2717 5263 2875 5337 Patre
2890 5263 3113 5337 procedit
3134 5260 3311 5332 (Joan.
3335 5277 3429 5337 rev,

1846 5336 1962 5408 26).
1994 5331 2110 5393 Ubi'
2124 5351 2278 5392 suum
2308 5331 2579 5406 Spiritum
2593 5351 2714 5392 esse
2729 5331 2926 5403 docuit,
2945 5336 3065 5405 quia
3096 5331 3209 5404 ipse
3232 5340 3314 5388 est
3337 5331 3434 5386 Ve-

1914 5492 1932 5522 ί
1960 5496 2043 5539 Ms.
2068 5490 2390 5551 Corbeiensis,
2409 5489 2540 5542 huic.

1911 5556 1932 5586 ³
1965 5558 2107 5614 Lov.,
2151 5550 2267 5603 bene
2317 5545 2600 5617 coinptacui.
2646 5554 2825 5614 Abest,
2873 5552 3017 5612 bene,
3066 5562 3096 5599 a
3138 5545 3426 5623 melioribus

1848 5624 2030 5727 "sf-Sic
2051 5684 2132 5727 bis.
2152 5652 2477 5728 Corbeiensis.
2496 5683 2550 5725 At
2570 5685 2701 5736 Lov.,
2719 5674 2911 5727 visione.

1915 5740 1938 5774 ³
1956 5747 2086 5805 Lov.,
2108 5738 2277 5807 ﬁdeles
2298 5738 2555 5803 apostolos.
2581 5735 2754 5800 Abest,
2780 5735 3035 5803 apostolos,
3058 5749 3089 5791 ι
3109 5742 3215 5815 Mss.
