3860 6366
521 294 618 358 175
995 330 1018 342 υ
1038 330 1095 360 ο.
1131 335 1146 345 -

519 415 699 474 dicens
721 430 733 468 :
765 412 833 468 Et
852 414 1034 466 mortui
1050 412 1307 479 resurgent
1334 402 1628 479 incorrupti,
1656 408 1704 457 et
1722 418 1813 479 nos
1832 402 2070 479 immuta-

518 473 692 562 bjmur.
717 485 783 541 Et
799 480 1082 562 ostendens
1101 473 1221 562 qua}?
1246 479 1346 562 erit
1371 479 1481 562 ipsa
1512 473 1811 556 immutatio
1841 473 2033 562 adjecit
2057 491 2071 528 :

519 559 723 628 Oportet
746 554 878 628 enim
904 546 1225 628 corruptione
1250 550 1341 603 hoc
1366 548 1575 628 induere
1589 546 2024 628 incorruptionem
2056 586 2072 611 ,

520 614 787 685 et'mortale
804 625 896 677 hoc
910 614 1119 676 induere
1133 620 1572 673 inmortalitatem.
1588 617 1644 671 In
1662 630 1844 672 eorum
1865 614 1939 687 (a)
1955 629 2076 687 cor-

519 700 731 769 poribus;
776 695 866 749 ﬁet
892 693 1033 764 quod
1082 692 1193 769 ipse
1245 690 1529 769 repostolus
1558 694 1668 742 ait:
1703 686 1995 769 Seminatur
2022 686 2075 767 in

518 758 829 837 Eorruptione
853 806 869 831 ,
909 758 1209 837 'surget_'in_
1242 758 1618 837 incorruptione
1649 774 1667 812 :
1690 758 1972 837 seminatur
2019 758 2077 837 in

518 828 862 909 ignobilitate,
884 828 1051 905 εανθὲι
1078 834 1132 887 in
1158 831 1319 909 gloria
1341 847 1358 885 :
1384 828 1655 884 seminatur
1678 829 1735 909 in
1762 828 2075 909 inﬁrmitate,

518 899 679 979 {urget
703 908 756 961 in
789 899 991 979 Avirtute'
1012 899 1825 979 .j_seminatur__cor_pus_animale
1843 940 1856 960 ,
1912 904 2080 979 surget

517 968 693 1049 corpus
720 974 984 1049 spirituale
1010 972 1199 1049 (_I_C_or.
1228 988 1316 1038 xv,
1347 971 1537 1049 51753,
1563 969 1762 1038 4244).
1787 968 1937 1035 Quod
1966 982 2083 1049 pro-

517 1040 695 1120 pterea
722 1040 996 1120 spirituale
1020 1040 1174 1120 dixit,
1208 1060 1313 1120 non
1351 1041 1471 1111 quia
1518 1040 1688 1120 ipsum
1718 1053 1911 1119 corpus
1933 1040 2084 1120 spiri-

518 1109 601 1174 ius
658 1109 800 1197 erit,
842 1115 937 1172 sed
994 1115 1115 1197 quia
1174 1109 1713 1197 vivificantespi‘ritu
1778 1109 2081 1197 immortale

517 1199 673 1260 atque
740 1180 1137 1260 in'corruptibilc
1191 1182 1543 1256 permanebit.
1590 1180 1677 1260 Sic
1705 1188 1904 1260 autem
1956 1189 2081 1260 tunc

517 1248 724 1315 dicetur
744 1248 1017 1329 spiritua'le
1052 1248 1268 1331 corpus,
1298 1269 1417 1307 cum
1460 1266 1563 1305 non
1592 1251 1805 1331 spiritus
1834 1252 1967 1331 sit,
1988 1248 2083 1303 sed

518 1321 825 1401 permaneat
892 1321 1309 1401 corpu_s;'sieut
1384 1337 1525 1401 nunc
1589 1321 2079 1401 animale‘dicilur,

518 1390 637 1456 cum
665 1411 839 1455 tamen
889 1390 1191 1451 inveniatur
1228 1411 1333 1449 non
1367 1395 1543 1447 anima
1584 1408 1725 1456 esse,
1750 1390 1841 1445 sed
1869 1406 2081 1459 corpus.

585 1469 809 1526 CAPUT
836 1467 1005 1533 XXX,
1035 1484 1121 1521 seu
1146 1466 1279 1521 line.
1309 1480 1476 1518 xxvn.
1520 1464 1607 1518 75.
1640 1460 1791 1533 Fides
1816 1472 1860 1515 et
1903 1460 2084 1530 Bapti-

517 1558 671 1599 snms.
705 1532 1032 1595 Firmissime
1060 1547 1203 1600 tene,
1233 1544 1287 1590 et
1312 1536 1611 1588 nullatenus
1638 1532 1845 1587 dubites
1868 1573 1881 1596 ,
1923 1547 2085 1587 exce-

518 1614 622 1684 ptis
645 1611 748 1665 illis
775 1610 862 1684 qui
912 1624 1007 1684 pro
1040 1608 1255 1684 nomine
1283 1605 1478 1660 Christi
1508 1619 1605 1658 suo
1631 1603 1884 1684 sanguine
1911 1602 2087 1671 bapti-

518 1674 723 1745 iantur,
752 1674 952 1735 nullum
982 1679 1249 1733 hominem
1268 1684 1607 1744 accepturum
1631 1674 1790 1727 vitam
1809 1682 2090 1745 arternam,

516 1754 606 1825 qui
629 1743 733 1807 non
754 1750 841 1806 hic
865 1766 893 1803 a
922 1750 1076 1805 malis
1099 1743 1497 1825 suis_fuerit’per
1523 1745 1886 1825 paenitentiam
1905 1743 2090 1825 [idem-

518 1814 622 1894 que
649 1834 974 1894 conversus,
1006 1829 1060 1874 et
1088 1834 1181 1894 p_er
1203 1818 1603 1894 sacramentum
1651 1814 1884 1894 ﬁdei_et
1922 1814 2091 1894 poeni—

519 1884 703 1948 tentia:
724 1932 737 1955 ,
772 1890 821 1945 id
845 1884 1070 1958 est,per
1090 1884 1432 1957 'Baptismum
1482 1886 1761 1958 liberatus.
1788 1884 1853 1939 Et
1878 1884 2093 1958 majori-

518 1964 621 2019 bus
672 1960 883 2030 quidem
935 1956 1299 2030 necessarium
1348 1972 1474 2030 esse
1522 1966 1575 2011 et
1625 1956 1987 2030 paenitentiam
2025 1956 2092 2010 de

522 2026 811 2088 malis—suis
841 2044 1017 2100 agere,
1041 2028 1261 2084 etﬁdem
1283 2027 1598 2083 catholicam
1628 2026 1916 2100 secundum
1940 2042 2092 2100 regu-

522 2104 629 2158 lam
654 2096 897 2157 veritatis
916 2108 1121 2166 tenere,
1152 2107 1208 2154 et
1234 2106 1619 2153 sacramentum
1648 2096 1984 2167 Baptismatis
2005 2111 2094 2167 ac-

522 2175 700 2245 cipere
721 2188 733 2225 :
756 2169 989 2245 parvulis
1007 2184 1154 2245 vero,
1174 2169 1262 2239 qui
1282 2183 1380 2223 nec
1398 2166 1894 2245 pr0pria_voluntate
1913 2166 2099 2221 crede-

520 2238 601 2310 re',
628 2257 727 2298 nec
747 2238 1108 2311 paenitentiam
1130 2238 1225 2311 pro
1246 2248 1464 2309 peccato
1485 2238 1974 2311 quodpriginalitcr
1993 2246 2098 2291 tra-

522 2308 674 2379 hunt,
709 2308 865 2381 agere
904 2308 1145 2381 possunt,
1181 2308 1581 2365 sacramentum
1612 2308 1735 2363 ﬁdei
1760 2317 1814 2381 et
1839 2308 2097 2381 pmniten-

523 2385 631 2453 tiae,
661 2378 801 2454 Quod
848 2378 930 2437 est
957 2390 1197 2436 sanctum
1230 2381 1495 2449 Baptisma
1517 2420 1532 2445 ,
1581 2378 1831 2454 quamdiu
1880 2378 2098 2454 rationis

525 2448 653 2510 tetas
668 2448 854 2510 eorum
868 2467 1031 2521 capax
1045 2467 1162 2507 esse
1178 2467 1282 2506 non
1303 2448 1494 2521 potest,
1510 2448 1599 2521 sui
1599 2448 1759 2521 licere
1762 2448 1833 2521 _ad
1850 2448 2095 2521 salutem.

599 2522 825 2579 CAPUT
850 2516 1044 2587 XXXI,
1068 2540 1155 2577 seu
1184 2516 1318 2577 Bac.
1343 2536 1533 2575 xxvm.
1586 2519 1674 2572 74.
1732 2516 1929 2571 Gratia.
1982 2518 2100 2573 Fir-

524 2595 763 2651 missime
796 2602 937 2659 tene,
960 2602 1014 2648 et
1039 2594 1339 2647 nullatenus
1364 2590 1589 2655 dubites,
1618 2590 1882 2644 neminem
1902 2589 1987 2643 hic
2006 2590 2102 2643 ho-

524 2667 725 2720 minum
755 2679 908 2734 posse
931 2664 1475 2734 poenitentiamagere
1505 2702 1519 2723 ,
1552 2660 1651 2714 nisi
1683 2674 1839 2729 quem
1870 2660 2008 2734 Deus
2036 2660 2102 2713 il-

525 2729 886 2801 luminaverit,
908 2729 962 2790 et
989 2735 1215 2804 gratuita
1243 2729 1581 2804 miseratione
1588 2729 1938 2804 converterit.
1959 2732 2102 2804 Apoc

526 2807 694 2862 stolus
718 2800 1017 2861 enimdicit
1044 2822 1057 2858 :
1082 2802 1165 2858 Ne
1188 2804 1317 2873 forte
1346 2804 1425 2855 det
1450 2801 1551 2873 illis
1576 2800 1713 2853 Deus
1759 2801 2103 2873 paenitentiam

523 2879 592 2931 ad
616 2875 1011 2951 cognoscendam
1034 2870 1319 2951 ueritatem,
1354 2882 1400 2927 et
1428 2872 1719 2943 resipiscam
1747 2887 1779 2924 a
1804 2871 1991 2925 diaboli
2022 2870 2103 2923 la-

527 2950 664 3019 queis
676 2944 771 3019 '(|l
780 2946 937 3019 _Ti_nt_._
946 2961 1009 3019 ιι2
1022 2944 1121 3019 -25,
1143 2945 1258 3019 ἓξ).

595 3012 819 3073 CAPUT
844 3015 1060 3083 XXXII,
1076 3033 1163 3071 seu
1178 3012 1313 3071 Rea.
1336 3030 1483 3069 xxix.
1504 3014 1590 3084 75.
1612 3012 1759 3067 Nihil
1774 3014 1858 3083 agi
1872 3012 1977 3067 sine
1996 3030 2106 3084 gra-

528 3090 618 3141 tia.
642 3088 967 3143 Firmissime
988 3095 1130 3153 tene,
1158 3095 1213 3141 et
1233 3086 1529 3146 nullatenus
1556 3083 1783 3149 dubites,
1812 3098 1968 3153 posse
1989 3083 2107 3153 qui-

527 3159 649 3213 dem
666 3157 955 3221 hominem,
970 3172 1126 3225 quem
1146 3171 1244 3212 nec
1264 3156 1555 3225 ignorantia
1573 3155 1887 3220 litterarum,
1906 3170 2005 3209 nec
2020 3154 2109 3208 ali-

527 3173 649 3213 acm
667 3173 955 3221 nounnem,
1009 3173 1126 3213 uem
1146 3173 1244 3212 nec
1264 3173 1555 3225 Ignorantia
1573 3173 1887 3220 nuerarum,
1906 3173 2005 3209 nec
2020 3173 2109 3208 au-

526 3244 630 3299 qua
656 3228 898 3299 prohibet
918 3173 1251 3299 imciiccillitas
1275 3226 1358 3281 vel
1379 3224 1691 3299 adversitas,
1718 3224 1879 3299 verba
1911 3234 2109 3280 sancta:

526 3294 736 3372 legiset
755 3298 1044 3372 Evangelii,
1075 3299 1185 3353 sive
1210 3297 1405 3372 legere,
1438 3297 1549 3372 sive
1575 3310 1759 3372 ex_or_e
1798 3294 2107 3372 cujusquam

530 3365 888 3440 priedicatoris
905 3365 1107 3440 Vaudire
1127 3387 1141 3423 :
1158 3368 1250 3423 sed
1271 3365 1484 3440 'divinis
1504 3366 1765 3440 mandatis
1784 3365 2002 3420 obedire
2018 3380 2110 3440 ne-

526 3437 725 3495 minem
759 3454 934 3510 posse,
976 3439 1078 3493 nisi
1104 3438 1427 3510 quemDeus
1456 3437 1623 3510 gratia
1648 3451 1740 3510 sua
1772 3437 2106 3510 praevenerit,

525 3519 587 3565 ut
614 3505 1187 3580 quod'auditcorpore,
1213 3508 1376 3580 etiam
1403 3507 1564 3562 corde
1593 3505 1847 3580 percipiat
1870 3506 1912 3570 ',
1944 3513 2113 3580 etgac-

525 3575 679 3650 cepta
703 3580 954 3635 divinitus
977 3575 1114 3633 bona
1144 3578 1413 3650 voluntate
1429 3575 1602 3650 atque
1617 3575 1830 3650 virtute,
1860 3575 2107 3650 mandata

529 3646 623 3705 Dei
652 3650 827 3704 facere
868 3658 923 3704 et
962 3650 1088 3704 velit
1120 3657 1175 3703 et
1200 3648 1385 3718 possit.
1418 3646 1597 3715 Neque
1637 3646 1776 3701 enim
1804 3646 1890 3713 qui
1914 3647 2111 3716 plantat

527 3728 599 3774 est
625 3720 817 3788 aliquid
837 3761 852 3785 ,
881 3736 1036 3788 neque
1062 3720 1147 3788 qui
1186 3718 1346 3786 rigat,
1389 3718 1475 3770 sed
1504 3718 1587 3785 qui
1630 3718 1985 3788 incrementum
2024 3718 2110 3788 dat

527 3789 667 3843 Deus
689 3786 731 3859 (ἰ
760 3788 876 3843 Cor.
900 3786 979 3855 ut,
1002 3789 1055 3857 7)
1076 3786 1097 3839 ξ
1125 3788 1401 3859 Quietiam
1423 3796 1659 3859 aperantr
1674 3787 1726 3838 in
1754 3786 1905 3859 nobis
1924 3795 1969 3839 et
1989 3787 2113 3840 velle

528 3869 574 3914 et
597 3856 1133 3931 paﬁgeingrogona
1160 3857 1416 3931 vcjuntate
1446 3856 1702 3931 (Pliilipp.
1733 3871 1791 3919 ιι,

596 3925 823 3984 CAPUT
840 3925 1075 3993 XXXIII,
1099 3943 1185 3981 seu
1202 3926 1335 3981 Rea.
1353 3925 1484 3980 xxx.
1505 3926 1591 3981 76.
1611 3925 1773 3978 Deum
1793 3926 1920 3980 nihil
1937 3926 2109 3983 latere.

530 3998 863 4055 Firmissime
887 4007 1031 4063 tene,
1063 4006 1118 4053 et
1155 3997 1453 4051 nullatenus
1478 3996 1688 4052 dubites
1712 4037 1725 4059 ,
1772 3998 1882 4051 Deo
1911 3998 2113 4053 incom-

528 4068 772 4125 mutabili
797 4082 902 4123 non
923 4068 1095 4124 solum
1116 4068 1382 4138 praeterita
1408 4077 1462 4122 et
1492 4066 1790 4136 praesentia,
1829 4068 1922 4122 sed
1950 4070 2110 4123 etiam

524 4138 703 4194 futura
748 4140 925 4194 omnia
968 4138 1468 4194 incommutabiliter
1507 4152 1624 4192 esse
1676 4138 1972 4203 notissima,
2027 4140 2112 4195 cui

528 4209 753 4265 dicitur:
775 4207 909 4264 Deus
930 4210 1359 4281 quigoccultorurn
1373 4225 1424 4281 es
1453 4210 1697 4279 cognitor,
1727 4211 1813 4279 qui
1827 4210 1922 4264 scis
1947 4211 2113 4265 omnia

527 4278 952 4351 antequam/iant
976 4279 1136 4351 (Dan.
1166 4296 1276 4344 xm,
1300 4278 1413 4351 42).

688 4348 831 4408 PUT’
857 4349 1094 4419 XXXIV,
1127 4367 1214 4405 seu
1240 4348 1380 4406 Bac.
1410 4350 1559 4405 xxxi.
1582 4350 1671 4404 77.
1699 4348 2108 4406 Prwdestinatio.

527 4418 857 4479 Firmissime
897 4431 1039 4487 tene,
1070 4429 1125 4477 et
1164 4422 1468 4477 nullatenus
1507 4420 1716 4475 dubites
1740 4460 1754 4485 ,
1797 4420 2111 4476 Trinitatem

524 4492 715 4560 Deum,
738 4491 1247 4558 incommutabilem,
1267 4507 1446 4547 rerum
1464 4490 1699 4545 omnium
1720 4498 1874 4560 atque
1890 4505 2112 4560 operum

528 4574 637 4619 tam
664 4579 881 4619 suorum
905 4578 1063 4634 quam
1091 4562 1440 4634 humanorum
1479 4560 1830 4634 certissimum
1869 4563 2112 4634 cognito-3

526 4649 662 4697 rem,
689 4644 811 4688 ante
831 4631 1010 4688 omnia
1035 4633 1227 4687 saecula
1254 4634 1393 4686 scire
1412 4631 1605 4701 quibus
1625 4638 1766 4685 esset
1790 4631 2066 4701 perglidcm
2089 4632 2112 4663 ³

525 4704 748 4774 gratiam
789 4704 1075 4774 largiturus
1102 4717 1117 4753 :
1140 4702 1255 4756 sine
1297 4716 1397 4771 qua
1429 4698 1925 4774 'nemopotuit‘ab
1960 4701 2112 4774 initio

526 4770 710 4827 inundi
738 4770 905 4844 usque
942 4772 1006 4844 in!
1031 4770 1211 4844 ﬁnem,
1244 4785 1273 4844 a
1303 4770 1452 4824 reatu
1471 4770 1677 4844 peccati
1709 4778 1816 4823 tam
1841 4770 2112 4844 originalis

526 4858 685 4914 quam
706 4840 927 4899 actualis
963 4841 1184 4914 absolvi.
1237 4840 1372 4914 Quos
1400 4840 1562 4914 enim
1584 4841 1998 4914 Deusprmscivit
2022 4883 2035 4907 ,
2066 4850 2113 4896 et

526 4909 897 5039 ῥνωιίὲεέῖηαυὶι
920 4912 1201 4982 conformes
1219 4911 1332 4982 ﬁeri
1354 4910 1588 4981 imaginis
1614 4909 1741 4965 Filii
1756 4909 1838 4964 sui
1864 4910 1885 4942 ⁵
1916 4910 2108 4983 (Rom.

526 4999 640 5039 vui.
771 5024 783 5037 .

524 4999 640 5040 VIII.
668 4999 783 5040 291.

526 4985 819 5110 ynlC’AelgUT
834 5052 1052 5121 XXXV,
1072 5069 1160 5109 seu
1170 5053 1306 5109 Rea.
1330 5051 1586 5107 xxxu.78.
1601 5050 1747 5122 Beati
1771 5067 1833 5105 ea:
1856 5053 2115 5122 pratdesn-

524 5126 742 5183 natione.
767 5124 1095 5179 Firmissime
1117 5133 1257 5190 tene,
1281 5122 1649 5178 etnullatenus
1668 5121 1898 5186 dubites,
1923 5138 2110 5181 omnes

522 5212 657 5269 quos
686 5210 809 5252 vasa
838 5193 1215 5251 misericordiae
1231 5192 1457 5264 gratuita
1495 5193 1727 5248 bonitate
1761 5193 1899 5249 Deus
1924 5193 2109 5263 facit“,

586 5311 606 5393 ξ
629 5308 926 5393 ﬁne-datam,
948 5308 1178 5358 omissum
1203 5313 1308 5357 erat
1326 5342 1342 5369 ,
1386 5312 1435 5357 et
1464 5304 1789 5371 pcenuetttiw;
1810 5306 1937 5371 quod
1960 5308 2110 5360 habe-

523 5376 606 5422 tur
629 5376 679 5419 in
700 5376 807 5419 Mss.

586 5434 607 5495 ξ
639 5432 948 5495 corbeiensis
966 5438 1034 5481 Ms
1055 5466 1070 5491 ,
1097 5428 1316 5495 recipiat.

583 5493 606 5559 f
640 5494 706 5543 Ad
729 5505 862 5559 oram
884 5492 993 5543 libri
1014 5491 1317 5559 Corbeiensis
1338 5492 1543 5556 additur,
1561 5492 1620 5545 ab
1641 5491 1726 5547 illo
1742 5492 2042 5559 inspiratam.

581 5557 606 5591 δ
639 5560 813 5616 Potest,
832 5555 972 5614 juxta
987 5562 1062 5606 Er.
1086 5556 1233 5619 Lugd.
1254 5563 1371 5607 Ven.
1388 5562 1498 5606 Lov.
1530 5555 1534 5556 “
1563 5564 1619 5605 Μ.

581 5617 604 5650 ⁸
638 5623 767 5669 Mss...
800 5616 921 5669 eius.

586 5630 1046 5752 ngcgrsb’eieejnuglsus.
1066 5714 1081 5741 ,
1104 5678 1309 5744 gratuite
1333 5687 1461 5733 Deus
1487 5678 1615 5744 fecit.

583 5738 659 5801 (α)
677 5738 919 5807 moeniae,
930 5738 1194 5807 ἀπειρήτην

1949 285 2316 346 APPENDIX.

3646 298 3740 358 776

2181 411 2304 459 ante
2332 474 2353 475 ί
2382 403 2811 460 constitutionem
2877 405 3059 461 mundi
3126 404 3179 460 in
3232 403 3566 475 adoptionem
3613 410 3731 467 ﬁlio.

2181 491 2297 550 rum
2329 474 2422 529 Dei
2466 474 2865 550 prmdestinatos
2910 493 2941 531 a
2980 478 3157 550 Deo_:
3201 474 3375 550 neque
3405 478 3571 550 perire
3598 495 3733 550 posse

2181 545 2410 615 aliquem
2446 560 2631 599 eorum
2659 560 2793 614 quos
2818 546 2955 602 Deus
2982 545 3378 620 praedestinavit
3407 545 3473 620 ad
3515 545 3728 620 regnum,

2184 631 2283 671 nec
2304 631 2623 688 quemquam
2644 631 2829 688 eorum
2849 632 2981 686 quos
3002 619 3141 672 Deus
3162 633 3265 688 non
3286 616 3663 688 prmdcstinavit
3680 616 3731 678 ad

2184 688 2345 741 vitam
2375 686 2479 740 ulla
2519 700 2677 756 posse
2706 686 2911 743 ratione
2952 688 3166 743 salvari.
3197 686 3593 744 Praedestinatio
3615 694 3731 748 enim

2187 756 2285 838 illa
2304 757 2545 838 gratuitae
2570 756 2870 838 donationis
2896 766 2980 838 est
3009 757 3359 838 przeparatio,‘
3370 773 3472 838 qua
3502 774 3599 814 nos
3621 764 3735 838 App-

2187 821 2357 900 stolus
2374 828 2449 900 ait
2470 821 2941 900 prmdestinato‘éin
2965 821 3285 900 adoptionem
3319 821 3543 897 ﬁliorum
3564 848 3641 900 per
3661 821 3750 892 ἦν

2187 914 2300 969 sum
2320 898 2839 969 (ΣῙιι-ξῃηηιᾷξῃίὶρειιιη
2869 897 3081 969 (Ephes.
3103 914 3140 963 ι,
3170 898 3250 968 5).

2260 967 2481 1041 ΟΑΑΡῌΤ
2528 967 2745 1023 XXXVI
2772 1010 2786 1034 ,
2832 967 2920 1041 seu
2943 967 3079 1025 line.
3113 967 3306 1041 xxxtu.
3338 970 3430 1025 79.
3459 969 3731 1041 Baptisms.

2190 1037 2518 1093 Firmissime
2545 1047 2686 1104 tene,
2709 1048 2763 1094 et
2787 1040 3087 1094 nullatenus
3114 1040 3345 1104 dubites,
3377 1037 3733 1099 sacramentum

2191 1109 2551 1179 Baptismatis,
2585 1125 2695 1179 non
2720 1109 2893 1179 solum
2933 1110 3069 1165 intra
3100 1110 3397 1166 Ecclesiam
3429 1112 3734 1179 catholicam,

2192 1178 2473 1263 set-leuam
2501 1179 2638 1263 apud
2681 1178 2996 1263 haereticos,
3040 1180 3131 1263 qui
3178 1180 3230 1263 in
3274 1181 3495 1236 nomine
3524 1182 3673 1238 Patris
3694 1178 3736 1263 et

2192 1249 2310 1304 Filii
2352 1257 2408 1321 et
2435 1247 2666 1321 Spiritus
2713 1250 2882 1305 sancti
2930 1247 3198 1320 baptizant
3223 1292 3237 1317 ,
3270 1266 3390 1306 esse
3434 1266 3625 1321 posse;
3662 1256 3737 1309 sed

2191 1329 2339 1376 extra
2364 1319 2653 1374 Ecclesiam
2680 1319 3267 1391 catholicamprodesse
3295 1336 3399 1375 non
3426 1319 3581 1391 posse
3614 1340 3626 1375 :
3651 1324 3738 1378 imo

2193 1393 2327 1446 sicut
2355 1391 2487 1445 intra
2514 1391 2801 1445 Ecclesium
2824 1401 2968 1446 recte
2988 1391 3329 1447 credentibus
3355 1406 3453 1461 per
3476 1406 3741 1449 sacramen-

2194 1472 2305 1516 tum
2337 1462 2588 1531 Baptismi
2627 1461 2857 1516 conferri
2899 1463 3123 1517 salutem
3144 1504 3159 1526 ,
3192 1463 3269 1517 sic
3307 1472 3460 1517 extra
3486 1462 3740 1520 Ecclesiam

2194 1532 2491 1602 baptizatis,
2524 1532 2568 1585 si
2598 1531 2664 1586 ad
2695 1532 2989 1587 Ecelesiam
3017 1549 3125 1587 non
3153 1533 3429 1598 redierint,
3462 1533 3637 1587 eodem
3661 1535 3741 1588 Ba-

2194 1605 2388 1673 ptismo
2415 1602 2671 1656 cumulari
2704 1602 3012 1673 perniciem.
3054 1604 3286 1658 Tantum
3331 1604 3479 1659 enim
3521 1604 3644 1659 valet
3665 1620 3740 1659 ec-

2194 1674 2503 1729 clesiasticae
2531 1674 2795 1728 societatis
2824 1676 2997 1730 unitas
3021 1675 3088 1729 ad
3114 1674 3341 1729 salutem
3366 1715 3383 1740 ,
3426 1683 3488 1728 ut
3512 1674 3743 1744 Baptismo

2197 1760 2304 1798 non
2335 1745 2586 1810 salvetur,
2615 1746 2699 1814 cui
2728 1759 2831 1798 non
2862 1745 2934 1799 ibi
2958 1745 3134 1809 datur,
3158 1745 3248 1800 ubi
3278 1754 3488 1814 oportet
3512 1754 3564 1799 ut
3583 1745 3740 1814 detur.

2198 1814 2376 1870 Inessc
2408 1824 2584 1869 tamen
2611 1813 2815 1869 homini
2862 1815 3188 1884 Baptismum
3214 1813 3375 1870 etiam
3416 1823 3554 1869 extra
3578 1813 3743 1870 Eccle-

2197 1887 2330 1941 siam
2361 1886 2625 1956 baptizato
2649 1926 2665 1951 ,
2696 1886 2788 1940 sed
2818 1886 2883 1939 ad
2920 1887 3176 1954 judicium
3225 1887 3400 1940 inesse
3430 1885 3491 1938 ab
3538 1886 3744 1941 Ecclesia

2198 1965 2463 2024 separato.
2497 1957 2563 2009 Et
2585 1957 2706 2025 quia
2736 1956 3074 2011 manifestum
3104 1964 3187 2011 est
3206 1998 3219 2023 ,
3250 1956 3570 2025 ubicumque
3592 1956 3743 2009 damur

2200 2028 2357 2082 luerit
2401 2028 2501 2081 hoc
2530 2026 2813 2096 Baptisma,
2864 2028 3027 2083 semel
3072 2042 3193 2082 esse
3235 2026 3502 2089 dandum;
3538 2026 3641 2080 ideo
3664 2028 3741 2080 etsi

2200 2099 2266 2153 ab
2312 2098 2573 2152 luereticis
2617 2097 2671 2151 in
2715 2098 2929 2151 nomine
2975 2098 3146 2152 Patris
3189 2107 3244 2152 et
3291 2096 3409 2151 Filii
3454 2106 3511 2151 et
3558 2096 3744 2166 Spiritus

2201 2170 2369 2223 sancti
2417 2169 2571 2222 fuerit
2614 2167 3233 2233 datum,,venerahiliter
3257 2167 3741 2237 agnoscendum,et

2202 2241 2270 2293 ob
2317 2238 2420 2293 hoc
2470 2238 2769 2292 nullatenus
2812 2238 3130 2293 iterandum.
3180 2238 3423 2294 Salvator
3470 2239 3612 2293 enim
3649 2241 3739 2293 ait:

2207 2309 2305 2380 Qui
2332 2310 2482 2362 semel
2520 2309 2652 2363 lotus
2695 2317 2768 2361 est
2790 2349 2805 2376 ,
2838 2325 2936 2363 non
2961 2310 3149 2380 indiget
3176 2310 3192 2340 ί
3236 2308 3336 2362 nisi
3373 2316 3430 2362 ut
3471 2307 3619 2380 pedes
3645 2311 3744 2363 latet

2204 2378 2379 2451 (Ιοωιο
2405 2380 2655 2451 XIII-10):

2274 2449 2497 2504 CAPUT
2514 2448 2753 2504 XXXVII
2779 2491 2792 2514 ,
2815 2466 2903 2505 seu
2926 2450 3062 2507 Rea.
3083 2464 3270 2505 xxxiv.
3296 2449 3385 2507 80.
3413 2448 3583 2505 Extra
3603 2448 3745 2503 Eccle-

2205 2522 2332 2575 siam
2358 2519 2493 2573 salus
2528 2521 2687 2574 nulla.
2721 2519 3052 2577 Firmissime
3082 2529 3234 2588 tene,
3263 2529 3317 2576 et
3350 2522 3645 2576 nullatenus
3666 2521 3743 2573 du-

2205 2591 2378 2657 bites,
2422 2606 2631 2645 onmem
2675 2601 2822 2646 extra
2860 2591 3152 2648 Ecclesium
3194 2591 3515 2646 catholicam
3554 2592 3742 2661 baptiza-

2209 2670 2315 2716 tum
2342 2704 2355 2726 ,
2414 2662 2720 2730 participem
2766 2663 2882 2717 lieri
2926 2678 3030 2717 non
3072 2678 3228 2732 posse
3267 2664 3390 2717 vita:
3440 2672 3671 2725 aeternae,
3710 2662 3743 2715 si

2208 2742 2330 2786 ante
2374 2732 2533 2785 linem
2578 2732 2699 2786 vitae
2740 2733 2923 2803 hujus,
2955 2733 3230 2788 catholicas
3270 2748 3377 2787 non
3422 2732 3585 2788 fuerit
3608 2732 3743 2788 reddi-

2211 2811 2290 2857 tus
2313 2812 2471 2872 atque
2500 2803 2865 2873 ineorporatus
2894 2803 3167 2859 Ecclesiae.
3198 2804 3331 2869 Quia
3356 2804 3399 2857 si
3429 2804 3661 2869 habeam,
3683 2804 3742 2857 in-

2209 2873 2322 2942 quit
2348 2873 2650 2940 Apostolus,
2679 2890 2874 2927 omnent
2895 2874 3067 2944 ﬁdem,
3095 2884 3143 2927 et
3169 2876 3389 2927 noverim
3410 2876 3586 2928 omnia
3609 2890 3743 2928 sacra-

2209 2954 2397 3015 menta,
2426 2945 2719 3015 charitatem
2744 2954 2910 2997 autem
2928 2962 3026 2998 non
3054 2944 3282 3009 habeam,
3306 2946 3435 2999 nihil
3459 2961 3579 2999 sum
3597 2944 3634 3015 (Ι
3657 2944 3743 2999 Cor.

2212 3030 2326 3081 xui,
2353 3014 2429 3085 2).
2459 3014 2588 3068 Nam
2620 3023 2673 3068 et
2707 3015 2763 3087 in
2792 3015 2981 3070 diebus
3008 3016 3228 3087 diluvii,
3260 3017 3537 3072 neminem
3571 3014 3746 3087 legimus

2211 3094 2360 3141 extra
2381 3100 2552 3139 arcam
2576 3086 2809 3153 potuisse
2832 3086 3044 3142 salvari.

2283 3155 2506 3211 CAPUT
2546 3154 2828 3223 XXXVIII,
2874 3173 2961 3210 seu
3002 3157 3134 3213 REG.
3182 3172 3353 3215 xxxv.
3392 3156 3480 3213 8L
3532 3156 3748 3210 Damus-

2213 3228 2285 3281 di.
2318 3226 2643 3282 Firmissime
2667 3236 2805 3291 tene,
2831 3235 2885 3281 et
2910 3228 3204 3281 nullatenus
3226 3227 3456 3295 dubites,
3484 3243 3592 3282 non
3614 3228 3749 3281 solum

2214 3312 2401 3353 omnes
2428 3298 2688 3367 Paganos,
2717 3298 2808 3351 sed
2836 3306 2890 3352 et
2913 3313 3098 3353 omnes
3120 3297 3353 3367 Iudaeos,
3384 3306 3439 3351 et
3463 3313 3639 3353 omnes
3660 3298 3749 3351 ha:-

2214 3369 2409 3423 reticos
2437 3377 2594 3437 atque
2622 3366 2984 3423 schismaticos
3004 3410 3018 3435 ,
3061 3370 3150 3438 qui
3187 3378 3338 3423 extra
3376 3368 3643 3424 Ecclesiam
3669 3381 3750 3420 ca-

2215 3439 2466 3494 tholicam
2494 3447 2810 3506 praesentem
2836 3439 3023 3493 ﬁniunt
3050 3440 3232 3503 vitam,
3260 3440 3312 3493 in
3338 3440 3505 3509 ignem
3523 3448 3753 3509 aeternum

2215 3510 2421 3634 ituros;1
2433 3510 2523 3634 qui
2553 3518 2768 3578 paratus
2794 3518 2873 3564 est
2902 3509 3112 3566 diabolo
3133 3518 3185 3565 et
3210 3507 3410 3581 angelis
3430 3509 3545 3579 ejus
3563 3507 3632 3579 (ll
3643 3507 3751 3561 attli.

2215 3595 2337 3634 xxv.
2463 3619 2473 3631 .

2215 3595 2337 3645 xxv,
2361 3595 2473 3645 ιιι).

2548 3649 2802 3719 XXXIX,
2848 3669 2935 3707 seu
2978 3651 3109 3707 Rea.
3160 3666 3347 3705 xxxvr.
3397 3650 3489 3705 82.
3536 3649 3751 3704 Baetici.

2216 3721 2543 3775 Firmissime
2592 3724 2741 3787 tene,
2786 3732 2838 3777 et
2878 3723 3178 3777 nullatenus
3216 3721 3456 3785 dubites,
3510 3719 3751 3787 quemlibet

2217 3792 2524 3846 hacreticum
2556 3792 2668 3846 sive
2701 3792 3092 3847 schismaticum
3113 3832 3129 3857 ,
3169 3791 3223 3845 in
3260 3792 3475 3846 nomine
3528 3791 3678 3846 Patris
3712 3794 3753 3842 et

2218 3861 2338 3915 Filii
2361 3870 2415 3917 et
2442 3862 2672 3931 Spiritus
2696 3863 2863 3918 sancti
2892 3863 3232 3931 baptizatum,
3262 3863 3305 3915 si
3329 3860 3587 3916 Ecclesia:
3607 3860 3752 3915 catho-

2218 3933 2334 3989 licae
2359 3947 2465 4013 non
2512 3932 2669 4013 fuerit
2691 3943 3043 4013 _aggregatus,
3078 3942 3537 4013 quantascumque
3562 3932 3750 4007 eleemo-

2217 4018 2377 4074 synas
2406 4003 2621 4069 fecerit,
2652 4000 2750 4058 etsi
2769 4000 2880 4072 pro
2914 4000 3110 4058 Christi
3141 4000 3545 4074 nomineetiam
3579 4000 3753 4074 sangui-

2216 4071 2338 4131 n'cm
2372 4074 2596 4137 fuderit,
2645 4071 2943 4128 nullatenus
2981 4086 3137 4142 posse
3185 4072 3396 4127 salvari.
3448 4071 3606 4127 Omni
3644 4071 3752 4125 enim

2218 4145 2420 4200 homini
2462 4144 2551 4212 qui
2594 4143 2845 4199 Ecclesia:
2874 4143 3149 4198 catholica:
3174 4158 3282 4197 non
3321 4152 3469 4197 tenet
3502 4143 3751 4205 unitatem,

2216 4230 2389 4285 neque
2429 4214 2759 4283 Baptismus,
2793 4229 2964 4283 neque
3006 4215 3353 4285 eleemosyna
3372 4214 3654 4283 quamlibet
3682 4226 3755 4264 co-

2217 4282 2363 4356 piosa
2383 4327 2398 4353 ,
2431 4282 2600 4353 neque
2624 4299 2768 4356 mors
2793 4282 2895 4354 pro
2930 4288 3141 4340 nomine
3165 4282 3359 4356 Christi
3390 4282 3630 4356 Suscepta
3660 4295 3755 4350 pro-

2217 4354 2381 4411 licere
2427 4356 2619 4425 poterit
2650 4355 2715 4408 ad
2745 4356 3001 4421 salutem,
3045 4354 3253 4425 quando
3280 4356 3303 4386 ³
3331 4354 3384 4408 in
3411 4369 3478 4409 eo
3510 4355 3591 4425 vel
3619 4354 3755 4425 hare:

2219 4428 2320 4481 tica
2341 4418 2789 4482 vel'schismatica
2810 4418 3038 4496 pravitas
3060 4418 3385 4495 perseverat,
3415 4440 3539 4494 qua:
3560 4424 3690 4480 ducit
3704 4418 3752 4472 ad

2218 4506 2462 4553 mortem.

2288 4567 2513 4623 CAPUT
2573 4566 2712 4634 XL,
2768 4583 2857 4621 seu
2913 4568 3046 4623 Bac.
3111 4582 3315 4622 xxxvu.
3373 4566 3461 4621 83.
3518 4562 3752 4621 Christian

2218 4640 2350 4694 male
2369 4640 2597 4693 viventes.
2632 4637 2957 4693 Firmissime
2985 4646 3123 4701 tene,
3152 4646 3207 4691 et
3231 4637 3533 4692 nullatenus
3558 4635 3751 4693 dubites,

2218 4725 2327 4764 non
2354 4723 2538 4764 clunes
2577 4708 2666 4777 qui
2694 4709 2825 4761 intra
2856 4708 3146 4763 Ecclesiam
3174 4706 3487 4762 catholicam
3516 4704 3753 4777 baptizan-

2219 4789 2323 4847 tur,
2354 4775 2665 4848 accepturos
2687 4793 2804 4833 esse
2832 4781 2991 4832 vitam
3012 4788 3263 4833 aeternam
3290 4795 3303 4831 :
3327 4778 3422 4848 sed
3446 4791 3535 4832 eos
3559 4775 3748 4848 quiper-

2217 4844 2371 4920 cepto
2393 4844 2713 4921 Baptismate
2737 4859 2879 4904 recte
2903 4850 3103 4921 vivunt,
3133 4848 3182 4902 id
3208 4856 3309 4921 est,
3333 4847 3423 4921 qui
3449 4862 3503 4901 se
3527 4844 3758 4921 abstinue-

2216 4917 2323 4977 rint
2361 4936 2390 4974 a
2417 4917 2559 4975 vitiis
2588 4927 2644 4974 ct
2681 4919 3125 4989 concupiscentiis
3151 4919 3348 4973 carnis.
3383 4917 3615 4989 Regnum
3638 4917 3759 4989 enim

2216 4993 2473 5069 ccelorurn
2498 4992 2638 5069 sicut
2664 4982 2935 5069 inﬁdeles,
2966 4989 3245 5069 _l1a_3retici_,
3278 4998 3436 5069 atque

2216 5078 2323 5119 non
2361 5062 2660 5127 habebunt;
2700 5062 2777 5116 sic
2804 5055 3049 5117 catholici
3086 5055 3366 5115 criminosi
3389 5055 3653 5129 possidere
3673 5063 3757 5105 non

2254 5144 2484 5190 oterunt.
3780 5176 3788 5187 .

2216 5150 2511 5260 pogztll’lUT
2548 5202 2687 5271 XLI,
2718 5219 2805 5257 seu
2831 5202 2965 5259 Rnc.
2996 5202 3215 5257 xxxvni.
3242 5229 3313 5240 —
3337 5199 3425 5254 84.
3444 5196 3581 5271 “Sine
3603 5176 3787 5271 μιᾳ-ξ

2216 5277 2277 5330 tis
2299 5276 2544 5329 neminem
2563 5262 2739 5328 vivere.
2764 5272 3092 5329 Firmissime
3117 5281 3257 5335 tene,
3286 5279 3340 5325 et
3368 5262 3657 5324 nullatenus
3678 5262 3757 5338 duo

2214 5348 2351 5402 biles
2369 5388 2386 5414 ,
2432 5345 2590 5401 etiam
2615 5345 2786 5414 justos
2824 5352 2982 5413 atque
3007 5351 3220 5414 sanctos
3248 5341 3481 5395 homines
3500 5378 3519 5414 ε
3547 5344 3759 5414 excepta

2214 5418 2279 5473 iis
2307 5406 2671 5494 quibaptizati
2700 5406 2912 5482 parvuli
2930 5422 3087 5480 sunt,
3128 5412 3246 5468 sine
3271 5419 3479 5494 peccato
3494 5406 3760 5494 itionem-i-

2214 5482 2342 5545 ιιθηὶ
2368 5482 2545 5542 vivere
2580 5499 2735 5554 posse
2760 5501 2774 5538 :
2807 5498 3123 5554 semperque
3147 5482 3291 5559 omni
3319 5482 3508 5559 homini
3535 5486 3754 5559 essene-

2214 5559 2500 5616 cessarium
2522 5597 2536 5622 ,
2570 5552 2623 5611 et
2653 5566 2865 5625 peccata
2895 5552 2991 5611 sua
3020 5552 3189 5624 usque
3231 5556 3285 5611 in
3318 5552 3467 5610 tinem
3497 5552 3618 5605 vita“.
3638 5556 3758 5617 prﬁ-

2278 5676 2296 5707 ⁸
2328 5675 2413 5723 uie
2430 5670 2737 5733 corbeiensis
2751 5678 2830 5722 Ms.
2857 5669 2987 5721 addit
3001 5703 3017 5733 ,
3040 5668 3209 5727 lavari.

2276 5738 2298 5775 ⁸
2329 5743 2460 5798 L0v.,
2482 5731 2730 5807 quamdiu.
