  <div class='ocr_page' id='page_1' title='image "/cluster/home/n/w/nwhite01/storage/ocr_20150623/40-41/uva.x000217726/394.png"; bbox 0 0 3860 6366; ppageno 0'>
   <div class='ocr_carea' id='block_1_1' title="bbox 138 203 162 228">
    <p class='ocr_par' dir='ltr' id='par_1_1' title="bbox 138 203 162 228">
     <span class='ocr_line' id='line_1_1' title="bbox 138 203 162 228; baseline 0 0"><span class='ocrx_word' id='word_1_1' title='bbox 138 203 162 228; x_wconf 63' lang='grc' dir='ltr'>ι</span> 
     </span>
    </p>
   </div>
   <div class='ocr_carea' id='block_1_2' title="bbox 208 262 301 318">
    <p class='ocr_par' dir='ltr' id='par_1_2' title="bbox 208 262 301 318">
     <span class='ocr_line' id='line_1_2' title="bbox 208 262 301 318; baseline 0 0"><span class='ocrx_word' id='word_1_2' title='bbox 208 262 301 318; x_wconf 81' lang='grc' dir='ltr'><strong><em>ΤΠ</em></strong></span> 
     </span>
    </p>
   </div>
   <div class='ocr_carea' id='block_1_3' title="bbox 200 368 1788 446">
    <p class='ocr_par' dir='ltr' id='par_1_3' title="bbox 200 368 1788 446">
     <span class='ocr_line' id='line_1_3' title="bbox 200 368 1788 446; baseline -0.005 -12"><span class='ocrx_word' id='word_1_3' title='bbox 200 377 360 435; x_wconf 79' lang='lat' dir='ltr'><strong>sentis</strong></span> <span class='ocrx_word' id='word_1_4' title='bbox 392 372 766 446; x_wconf 87' lang='lat' dir='ltr'><strong>eleemosynis</strong></span> <span class='ocrx_word' id='word_1_5' title='bbox 790 372 806 404; x_wconf 87' lang='grc'>¹</span> <span class='ocrx_word' id='word_1_6' title='bbox 836 369 1047 446; x_wconf 81' lang='lat' dir='ltr'><strong>diluere</strong></span> <span class='ocrx_word' id='word_1_7' title='bbox 1062 409 1077 437; x_wconf 93' lang='lat'><strong>,</strong></span> <span class='ocrx_word' id='word_1_8' title='bbox 1124 375 1180 446; x_wconf 90' lang='lat' dir='ltr'><strong>et</strong></span> <span class='ocrx_word' id='word_1_9' title='bbox 1206 368 1572 425; x_wconf 82' lang='lat' dir='ltr'><strong>remissionem</strong></span> <span class='ocrx_word' id='word_1_10' title='bbox 1608 384 1638 424; x_wconf 90' lang='lat' dir='ltr'><strong>a</strong></span> <span class='ocrx_word' id='word_1_11' title='bbox 1678 370 1788 426; x_wconf 92' lang='lat' dir='ltr'><strong>Deo</strong></span> 
     </span>
    </p>
   </div>
   <div class='ocr_carea' id='block_1_4' title="bbox 205 441 1507 512">
    <p class='ocr_par' dir='ltr' id='par_1_4' title="bbox 205 441 1507 512">
     <span class='ocr_line' id='line_1_4' title="bbox 205 441 1507 512; baseline -0.004 -8"><span class='ocrx_word' id='word_1_12' title='bbox 205 448 469 504; x_wconf 72' lang='lat' dir='ltr'><strong>humiliter</strong></span> <span class='ocrx_word' id='word_1_13' title='bbox 500 463 565 500; x_wconf 92' lang='lat' dir='ltr'><strong>ac</strong></span> <span class='ocrx_word' id='word_1_14' title='bbox 592 441 852 500; x_wconf 77' lang='lat' dir='ltr'><strong>veraciter</strong></span> <span class='ocrx_word' id='word_1_15' title='bbox 874 441 1164 512; x_wconf 59' lang='lat' dir='ltr'><strong>postulari.</strong></span> <span class='ocrx_word' id='word_1_16' title='bbox 1295 510 1307 512; x_wconf 95' lang='lat'><em>_</em></span> <span class='ocrx_word' id='word_1_17' title='bbox 1459 511 1464 512; x_wconf 16' lang='grc' dir='ltr'><em>γ</em></span> <span class='ocrx_word' id='word_1_18' title='bbox 1504 448 1507 449; x_wconf 65' lang='grc'><strong><em>⁷</em></strong></span> 
     </span>
    </p>
   </div>
   <div class='ocr_carea' id='block_1_5' title="bbox 270 510 1788 584">
    <p class='ocr_par' dir='ltr' id='par_1_5' title="bbox 270 510 1788 584">
     <span class='ocr_line' id='line_1_5' title="bbox 270 510 1788 584; baseline -0.005 -9"><span class='ocrx_word' id='word_1_19' title='bbox 270 518 497 574; x_wconf 76' lang='lat' dir='ltr'><strong>CAPUT</strong></span> <span class='ocrx_word' id='word_1_20' title='bbox 536 516 704 583; x_wconf 75' lang='lat' dir='ltr'><strong>XLII,</strong></span> <span class='ocrx_word' id='word_1_21' title='bbox 751 531 839 569; x_wconf 87' lang='lat' dir='ltr'><strong>seu</strong></span> <span class='ocrx_word' id='word_1_22' title='bbox 876 510 1023 568; x_wconf 68' lang='lat' dir='ltr'><strong>RBG.</strong></span> <span class='ocrx_word' id='word_1_23' title='bbox 1054 528 1230 567; x_wconf 82' lang='grc' dir='ltr'><strong>χχχιχ.</strong></span> <span class='ocrx_word' id='word_1_24' title='bbox 1256 510 1373 584; x_wconf 10' lang='lat'><strong>“8‘5.</strong></span> <span class='ocrx_word' id='word_1_25' title='bbox 1432 511 1581 567; x_wconf 87' lang='lat' dir='ltr'><strong>Cibus</strong></span> <span class='ocrx_word' id='word_1_26' title='bbox 1606 522 1652 567; x_wconf 84' lang='lat' dir='ltr'><strong>et</strong></span> <span class='ocrx_word' id='word_1_27' title='bbox 1695 532 1788 584; x_wconf 87' lang='lat' dir='ltr'><strong>po-</strong></span> 
     </span>
    </p>
   </div>
   <div class='ocr_carea' id='block_1_6' title="bbox 196 582 1785 659">
    <p class='ocr_par' dir='ltr' id='par_1_6' title="bbox 196 582 1785 659">
     <span class='ocr_line' id='line_1_6' title="bbox 196 582 1785 659; baseline -0.003 -17"><span class='ocrx_word' id='word_1_28' title='bbox 196 603 292 644; x_wconf 75' lang='lat' dir='ltr'><strong>m.</strong></span> <span class='ocrx_word' id='word_1_29' title='bbox 338 588 678 659; x_wconf 78' lang='lat' dir='ltr'><strong>Conjugium.</strong></span> <span class='ocrx_word' id='word_1_30' title='bbox 722 585 973 659; x_wconf 63' lang='lat' dir='ltr'><strong>Secundae</strong></span> <span class='ocrx_word' id='word_1_31' title='bbox 1016 584 1205 652; x_wconf 69' lang='lat' dir='ltr'><strong>nuptiae</strong></span> <span class='ocrx_word' id='word_1_32' title='bbox 1244 582 1412 637; x_wconf 58' lang='lat' dir='ltr'><strong>licita}.</strong></span> <span class='ocrx_word' id='word_1_33' title='bbox 1454 582 1785 659; x_wconf 84' lang='lat' dir='ltr'><strong>Firmissime</strong></span> 
     </span>
    </p>
   </div>
   <div class='ocr_carea' id='block_1_7' title="bbox 191 655 1783 721">
    <p class='ocr_par' dir='ltr' id='par_1_7' title="bbox 191 655 1783 721">
     <span class='ocr_line' id='line_1_7' title="bbox 191 655 1783 721; baseline -0.002 -5"><span class='ocrx_word' id='word_1_34' title='bbox 191 670 345 721; x_wconf 84' lang='lat' dir='ltr'><strong>tene,</strong></span> <span class='ocrx_word' id='word_1_35' title='bbox 379 655 457 715; x_wconf 54' lang='lat' dir='ltr'><strong>et&#39;</strong></span> <span class='ocrx_word' id='word_1_36' title='bbox 478 655 785 713; x_wconf 77' lang='lat' dir='ltr'><strong>nullatenus</strong></span> <span class='ocrx_word' id='word_1_37' title='bbox 824 655 1069 718; x_wconf 76' lang='lat' dir='ltr'><strong>dubites,</strong></span> <span class='ocrx_word' id='word_1_38' title='bbox 1099 668 1313 708; x_wconf 91' lang='lat' dir='ltr'><strong>omnem</strong></span> <span class='ocrx_word' id='word_1_39' title='bbox 1355 664 1654 710; x_wconf 75' lang='lat' dir='ltr'><strong>creaturam</strong></span> <span class='ocrx_word' id='word_1_40' title='bbox 1692 658 1783 713; x_wconf 89' lang='lat' dir='ltr'><strong>Dei</strong></span> 
     </span>
    </p>
   </div>
   <div class='ocr_carea' id='block_1_8' title="bbox 187 723 1780 796">
    <p class='ocr_par' dir='ltr' id='par_1_8' title="bbox 187 723 1780 796">
     <span class='ocr_line' id='line_1_8' title="bbox 187 723 1780 796; baseline -0.003 -10"><span class='ocrx_word' id='word_1_41' title='bbox 187 732 387 786; x_wconf 81' lang='lat' dir='ltr'><strong>bonam</strong></span> <span class='ocrx_word' id='word_1_42' title='bbox 413 745 577 794; x_wconf 86' lang='lat' dir='ltr'><strong>esse,</strong></span> <span class='ocrx_word' id='word_1_43' title='bbox 624 737 678 783; x_wconf 90' lang='lat' dir='ltr'><strong>et</strong></span> <span class='ocrx_word' id='word_1_44' title='bbox 706 726 839 781; x_wconf 84' lang='lat' dir='ltr'>nihil</span> <span class='ocrx_word' id='word_1_45' title='bbox 873 723 1218 796; x_wconf 68' lang='lat' dir='ltr'><strong>rejigiendum</strong></span> <span class='ocrx_word' id='word_1_46' title='bbox 1244 724 1385 796; x_wconf 89' lang='lat' dir='ltr'><strong>quod</strong></span> <span class='ocrx_word' id='word_1_47' title='bbox 1416 741 1535 780; x_wconf 90' lang='lat' dir='ltr'><strong>cum</strong></span> <span class='ocrx_word' id='word_1_48' title='bbox 1580 728 1780 796; x_wconf 79' lang='lat' dir='ltr'><strong>gratia-</strong></span> 
     </span>
    </p>
   </div>
   <div class='ocr_carea' id='block_1_9' title="bbox 187 794 1779 868">
    <p class='ocr_par' dir='ltr' id='par_1_9' title="bbox 187 794 1779 868">
     <span class='ocr_line' id='line_1_9' title="bbox 187 794 1779 868; baseline -0.003 -10"><span class='ocrx_word' id='word_1_49' title='bbox 187 818 310 858; x_wconf 85' lang='lat' dir='ltr'><strong>rum</strong></span> <span class='ocrx_word' id='word_1_50' title='bbox 337 804 559 856; x_wconf 83' lang='lat' dir='ltr'><strong>actione</strong></span> <span class='ocrx_word' id='word_1_51' title='bbox 581 797 871 868; x_wconf 72' lang='lat' dir='ltr'><strong>percipitur</strong></span> <span class='ocrx_word' id='word_1_52' title='bbox 898 794 937 866; x_wconf 92' lang='lat' dir='ltr'><strong>(I</strong></span> <span class='ocrx_word' id='word_1_53' title='bbox 966 794 1101 868; x_wconf 71' lang='lat' dir='ltr'><strong>Tim.</strong></span> <span class='ocrx_word' id='word_1_54' title='bbox 1132 810 1203 861; x_wconf 80' lang='lat' dir='ltr'><strong>tv,</strong></span> <span class='ocrx_word' id='word_1_55' title='bbox 1230 795 1287 867; x_wconf 71' lang='grc'><strong>4)</strong></span> <span class='ocrx_word' id='word_1_56' title='bbox 1314 812 1327 846; x_wconf 87' lang='lat'><strong>:</strong></span> <span class='ocrx_word' id='word_1_57' title='bbox 1371 803 1426 849; x_wconf 90' lang='lat' dir='ltr'><strong>et</strong></span> <span class='ocrx_word' id='word_1_58' title='bbox 1455 797 1548 850; x_wconf 88' lang='lat' dir='ltr'><strong>Dei</strong></span> <span class='ocrx_word' id='word_1_59' title='bbox 1573 794 1779 868; x_wconf 83' lang='lat' dir='ltr'><strong>servos,</strong></span> 
     </span>
    </p>
   </div>
   <div class='ocr_carea' id='block_1_10' title="bbox 191 865 1781 943">
    <p class='ocr_par' dir='ltr' id='par_1_10' title="bbox 191 865 1781 943">
     <span class='ocr_line' id='line_1_10' title="bbox 191 865 1781 943; baseline -0.004 -15"><span class='ocrx_word' id='word_1_60' title='bbox 191 876 281 943; x_wconf 87' lang='lat' dir='ltr'><strong>qui</strong></span> <span class='ocrx_word' id='word_1_61' title='bbox 310 889 339 926; x_wconf 85' lang='lat' dir='ltr'><strong>a</strong></span> <span class='ocrx_word' id='word_1_62' title='bbox 371 865 630 927; x_wconf 86' lang='lat' dir='ltr'><strong>carnibus</strong></span> <span class='ocrx_word' id='word_1_63' title='bbox 652 865 751 943; x_wconf 78' lang='lat' dir='ltr'><strong>aut</strong></span> <span class='ocrx_word' id='word_1_64' title='bbox 775 865 1232 943; x_wconf 73' lang='lat' dir='ltr'><strong>vinoabstinent,</strong></span> <span class='ocrx_word' id='word_1_65' title='bbox 1267 865 1372 920; x_wconf 88' lang='lat' dir='ltr'><strong>non</strong></span> <span class='ocrx_word' id='word_1_66' title='bbox 1400 874 1647 943; x_wconf 72' lang='lat' dir='ltr'><strong>tanquam</strong></span> <span class='ocrx_word' id='word_1_67' title='bbox 1679 865 1781 943; x_wconf 51' lang='lat' dir='ltr'><strong>imf</strong></span> 
     </span>
    </p>
   </div>
   <div class='ocr_carea' id='block_1_11' title="bbox 189 937 1783 1013">
    <p class='ocr_par' dir='ltr' id='par_1_11' title="bbox 189 937 1783 1013">
     <span class='ocr_line' id='line_1_11' title="bbox 189 937 1783 1013; baseline -0.003 -14"><span class='ocrx_word' id='word_1_68' title='bbox 189 937 409 1010; x_wconf 81' lang='lat' dir='ltr'><strong>munda,</strong></span> <span class='ocrx_word' id='word_1_69' title='bbox 441 957 565 1013; x_wconf 60' lang='lat' dir='ltr'><strong>quas</strong></span> <span class='ocrx_word' id='word_1_70' title='bbox 586 956 620 996; x_wconf 88' lang='lat' dir='ltr'><strong>a</strong></span> <span class='ocrx_word' id='word_1_71' title='bbox 648 941 756 994; x_wconf 91' lang='lat' dir='ltr'><strong>Deo</strong></span> <span class='ocrx_word' id='word_1_72' title='bbox 778 937 911 1013; x_wconf 80' lang='lat' dir='ltr'><strong>facta</strong></span> <span class='ocrx_word' id='word_1_73' title='bbox 932 946 1369 1013; x_wconf 86' lang='lat' dir='ltr'><strong>sunt_respuere;</strong></span> <span class='ocrx_word' id='word_1_74' title='bbox 1397 937 1492 992; x_wconf 91' lang='lat' dir='ltr'><strong>sed</strong></span> <span class='ocrx_word' id='word_1_75' title='bbox 1521 954 1550 1013; x_wconf 88' lang='lat' dir='ltr'><strong>a_</strong></span> <span class='ocrx_word' id='word_1_76' title='bbox 1576 937 1783 1013; x_wconf 77' lang='lat' dir='ltr'><strong>fortiori</strong></span> 
     </span>
    </p>
   </div>
   <div class='ocr_carea' id='block_1_12' title="bbox 190 1008 1782 1083">
    <p class='ocr_par' dir='ltr' id='par_1_12' title="bbox 190 1008 1782 1083">
     <span class='ocr_line' id='line_1_12' title="bbox 190 1008 1782 1083; baseline -0.003 -13"><span class='ocrx_word' id='word_1_77' title='bbox 190 1015 310 1070; x_wconf 85' lang='lat' dir='ltr'><strong>cibo</strong></span> <span class='ocrx_word' id='word_1_78' title='bbox 336 1008 401 1070; x_wconf 85' lang='lat' dir='ltr'><strong>et</strong></span> <span class='ocrx_word' id='word_1_79' title='bbox 443 1008 607 1083; x_wconf 77' lang='lat' dir='ltr'><strong>potu,</strong></span> <span class='ocrx_word' id='word_1_80' title='bbox 656 1026 754 1081; x_wconf 91' lang='lat' dir='ltr'><strong>pro</strong></span> <span class='ocrx_word' id='word_1_81' title='bbox 800 1008 1582 1083; x_wconf 26' lang='lat' dir='ltr'><strong>sola‘castigatione_corporis</strong></span> <span class='ocrx_word' id='word_1_82' title='bbox 1619 1010 1782 1083; x_wconf 82' lang='lat' dir='ltr'><strong>absti-</strong></span> 
     </span>
    </p>
   </div>
   <div class='ocr_carea' id='block_1_13' title="bbox 188 1078 1782 1153">
    <p class='ocr_par' dir='ltr' id='par_1_13' title="bbox 188 1078 1782 1153">
     <span class='ocr_line' id='line_1_13' title="bbox 188 1078 1782 1153; baseline -0.003 -13"><span class='ocrx_word' id='word_1_83' title='bbox 188 1100 338 1140; x_wconf 87' lang='lat' dir='ltr'><strong>nere.</strong></span> <span class='ocrx_word' id='word_1_84' title='bbox 391 1078 619 1153; x_wconf 80' lang='lat' dir='ltr'><strong>Nuptias</strong></span> <span class='ocrx_word' id='word_1_85' title='bbox 658 1078 871 1153; x_wconf 77' lang='lat' dir='ltr'><strong>quoque</strong></span> <span class='ocrx_word' id='word_1_86' title='bbox 909 1078 1173 1153; x_wconf 81' lang='lat' dir='ltr'><strong>divinitus</strong></span> <span class='ocrx_word' id='word_1_87' title='bbox 1209 1078 1473 1153; x_wconf 84' lang='lat' dir='ltr'><strong>institutas</strong></span> <span class='ocrx_word' id='word_1_88' title='bbox 1519 1090 1573 1153; x_wconf 82' lang='lat' dir='ltr'><strong>et</strong></span> <span class='ocrx_word' id='word_1_89' title='bbox 1618 1081 1782 1137; x_wconf 88' lang='lat' dir='ltr'><strong>bene-</strong></span> 
     </span>
    </p>
   </div>
   <div class='ocr_carea' id='block_1_14' title="bbox 189 1149 1779 1221">
    <p class='ocr_par' dir='ltr' id='par_1_14' title="bbox 189 1149 1779 1221">
     <span class='ocr_line' id='line_1_14' title="bbox 189 1149 1779 1221; baseline -0.002 -12"><span class='ocrx_word' id='word_1_90' title='bbox 189 1157 359 1211; x_wconf 83' lang='lat' dir='ltr'><strong>dictas</strong></span> <span class='ocrx_word' id='word_1_91' title='bbox 383 1174 397 1210; x_wconf 89' lang='lat'><strong>:</strong></span> <span class='ocrx_word' id='word_1_92' title='bbox 430 1149 499 1210; x_wconf 61' lang='lat' dir='ltr'><strong>et&#39;</strong></span> <span class='ocrx_word' id='word_1_93' title='bbox 514 1149 706 1209; x_wconf 77' lang='lat' dir='ltr'><strong>melius</strong></span> <span class='ocrx_word' id='word_1_94' title='bbox 734 1149 947 1221; x_wconf 77' lang='lat' dir='ltr'><strong>quidem</strong></span> <span class='ocrx_word' id='word_1_95' title='bbox 988 1163 1107 1221; x_wconf 86' lang='lat' dir='ltr'><strong>esse</strong></span> <span class='ocrx_word' id='word_1_96' title='bbox 1131 1149 1175 1221; x_wconf 87' lang='lat' dir='ltr'><strong>si</strong></span> <span class='ocrx_word' id='word_1_97' title='bbox 1202 1149 1479 1219; x_wconf 86' lang='lat' dir='ltr'><strong>quisquam</strong></span> <span class='ocrx_word' id='word_1_98' title='bbox 1508 1150 1623 1205; x_wconf 86' lang='lat' dir='ltr'><strong>sine</strong></span> <span class='ocrx_word' id='word_1_99' title='bbox 1646 1168 1779 1207; x_wconf 84' lang='lat' dir='ltr'><strong>con-</strong></span> 
     </span>
    </p>
   </div>
   <div class='ocr_carea' id='block_1_15' title="bbox 186 1220 1781 1296">
    <p class='ocr_par' dir='ltr' id='par_1_15' title="bbox 186 1220 1781 1296">
     <span class='ocr_line' id='line_1_15' title="bbox 186 1220 1781 1296; baseline -0.003 -14"><span class='ocrx_word' id='word_1_100' title='bbox 186 1227 333 1296; x_wconf 77' lang='lat' dir='ltr'><strong>iugio</strong></span> <span class='ocrx_word' id='word_1_101' title='bbox 357 1229 467 1292; x_wconf 90' lang='lat' dir='ltr'><strong>sit,</strong></span> <span class='ocrx_word' id='word_1_102' title='bbox 500 1234 560 1280; x_wconf 92' lang='lat' dir='ltr'><strong>ut</strong></span> <span class='ocrx_word' id='word_1_103' title='bbox 592 1220 811 1296; x_wconf 76' lang='lat' dir='ltr'><strong>liberius</strong></span> <span class='ocrx_word' id='word_1_104' title='bbox 850 1231 1010 1296; x_wconf 78' lang='lat' dir='ltr'><strong>atque</strong></span> <span class='ocrx_word' id='word_1_105' title='bbox 1038 1220 1244 1289; x_wconf 90' lang='lat' dir='ltr'><strong>plenius</strong></span> <span class='ocrx_word' id='word_1_106' title='bbox 1259 1221 1472 1296; x_wconf 65' lang='lat' dir='ltr'><strong>cogitet</strong></span> <span class='ocrx_word' id='word_1_107' title='bbox 1511 1232 1781 1296; x_wconf 68' lang='lat' dir='ltr'><strong>quaesout</strong></span> 
     </span>
    </p>
   </div>
   <div class='ocr_carea' id='block_1_16' title="bbox 189 1290 1779 1367">
    <p class='ocr_par' dir='ltr' id='par_1_16' title="bbox 189 1290 1779 1367">
     <span class='ocr_line' id='line_1_16' title="bbox 189 1290 1779 1367; baseline -0.001 -15"><span class='ocrx_word' id='word_1_108' title='bbox 189 1290 307 1359; x_wconf 65' lang='lat' dir='ltr'><strong>D63,</strong></span> <span class='ocrx_word' id='word_1_109' title='bbox 340 1290 622 1367; x_wconf 86' lang='lat' dir='ltr'><strong>quomodo</strong></span> <span class='ocrx_word' id='word_1_110' title='bbox 647 1294 855 1364; x_wconf 79' lang='lat' dir='ltr'><strong>placeat</strong></span> <span class='ocrx_word' id='word_1_111' title='bbox 876 1290 1021 1367; x_wconf 74' lang='lat' dir='ltr'><strong>Deo;</strong></span> <span class='ocrx_word' id='word_1_112' title='bbox 1055 1300 1229 1344; x_wconf 90' lang='lat' dir='ltr'><strong>tamen</strong></span> <span class='ocrx_word' id='word_1_113' title='bbox 1258 1290 1359 1344; x_wconf 89' lang='lat' dir='ltr'><strong>illis</strong></span> <span class='ocrx_word' id='word_1_114' title='bbox 1386 1293 1475 1360; x_wconf 90' lang='lat' dir='ltr'><strong>qui</strong></span> <span class='ocrx_word' id='word_1_115' title='bbox 1504 1290 1779 1367; x_wconf 70' lang='lat' dir='ltr'><strong>continen-</strong></span> 
     </span>
    </p>
   </div>
   <div class='ocr_carea' id='block_1_17' title="bbox 190 1362 1779 1430">
    <p class='ocr_par' dir='ltr' id='par_1_17' title="bbox 190 1362 1779 1430">
     <span class='ocr_line' id='line_1_17' title="bbox 190 1362 1779 1430; baseline -0.001 -9"><span class='ocrx_word' id='word_1_116' title='bbox 190 1370 311 1422; x_wconf 88' lang='lat' dir='ltr'><strong>tiam</strong></span> <span class='ocrx_word' id='word_1_117' title='bbox 342 1362 453 1421; x_wconf 77' lang='lat' dir='ltr'><strong>non</strong></span> <span class='ocrx_word' id='word_1_118' title='bbox 486 1362 764 1429; x_wconf 81' lang='lat' dir='ltr'><strong>voverunt,</strong></span> <span class='ocrx_word' id='word_1_119' title='bbox 800 1362 1001 1416; x_wconf 91' lang='lat' dir='ltr'><strong>nullum</strong></span> <span class='ocrx_word' id='word_1_120' title='bbox 1030 1375 1151 1416; x_wconf 87' lang='lat' dir='ltr'><strong>esse</strong></span> <span class='ocrx_word' id='word_1_121' title='bbox 1172 1369 1445 1430; x_wconf 87' lang='lat' dir='ltr'><strong>peccatum</strong></span> <span class='ocrx_word' id='word_1_122' title='bbox 1475 1363 1520 1417; x_wconf 91' lang='lat' dir='ltr'><strong>si</strong></span> <span class='ocrx_word' id='word_1_123' title='bbox 1552 1364 1635 1419; x_wconf 86' lang='lat' dir='ltr'><strong>vel</strong></span> <span class='ocrx_word' id='word_1_124' title='bbox 1661 1381 1779 1419; x_wconf 91' lang='lat' dir='ltr'><strong>mu-</strong></span> 
     </span>
    </p>
   </div>
   <div class='ocr_carea' id='block_1_18' title="bbox 188 1431 1771 1506">
    <p class='ocr_par' dir='ltr' id='par_1_18' title="bbox 188 1431 1771 1506">
     <span class='ocr_line' id='line_1_18' title="bbox 188 1431 1771 1506; baseline -0.001 -14"><span class='ocrx_word' id='word_1_125' title='bbox 188 1437 284 1494; x_wconf 84' lang='lat' dir='ltr'><strong>lier</strong></span> <span class='ocrx_word' id='word_1_126' title='bbox 308 1439 503 1502; x_wconf 86' lang='lat' dir='ltr'><strong>nnbat,</strong></span> <span class='ocrx_word' id='word_1_127' title='bbox 537 1438 624 1492; x_wconf 90' lang='lat' dir='ltr'><strong>vel</strong></span> <span class='ocrx_word' id='word_1_128' title='bbox 655 1435 735 1489; x_wconf 91' lang='lat' dir='ltr'><strong>vir</strong></span> <span class='ocrx_word' id='word_1_129' title='bbox 760 1448 979 1488; x_wconf 81' lang='lat' dir='ltr'><strong>uxorem</strong></span> <span class='ocrx_word' id='word_1_130' title='bbox 1005 1432 1178 1506; x_wconf 75' lang='lat' dir='ltr'><strong>ducat</strong></span> <span class='ocrx_word' id='word_1_131' title='bbox 1198 1434 1214 1503; x_wconf 96' lang='lat'>(</span> <span class='ocrx_word' id='word_1_132' title='bbox 1236 1432 1251 1485; x_wconf 95' lang='grc' dir='ltr'><strong>Ι</strong></span> <span class='ocrx_word' id='word_1_133' title='bbox 1274 1431 1392 1506; x_wconf 79' lang='lat' dir='ltr'><strong>Cor.</strong></span> <span class='ocrx_word' id='word_1_134' title='bbox 1419 1449 1510 1497; x_wconf 86' lang='lat' dir='ltr'><strong>vn,</strong></span> <span class='ocrx_word' id='word_1_135' title='bbox 1542 1434 1631 1506; x_wconf 65' lang='lat'><strong>54,</strong></span> <span class='ocrx_word' id='word_1_136' title='bbox 1658 1435 1771 1506; x_wconf 73' lang='lat'><strong>28).</strong></span> 
     </span>
    </p>
   </div>
   <div class='ocr_carea' id='block_1_19' title="bbox 186 1503 1774 1578">
    <p class='ocr_par' dir='ltr' id='par_1_19' title="bbox 186 1503 1774 1578">
     <span class='ocr_line' id='line_1_19' title="bbox 186 1503 1774 1578; baseline -0.001 -14"><span class='ocrx_word' id='word_1_137' title='bbox 186 1508 293 1564; x_wconf 76' lang='lat' dir='ltr'><strong>Nec</strong></span> <span class='ocrx_word' id='word_1_138' title='bbox 330 1511 483 1564; x_wconf 84' lang='lat' dir='ltr'><strong>solas</strong></span> <span class='ocrx_word' id='word_1_139' title='bbox 509 1509 713 1578; x_wconf 79' lang='lat' dir='ltr'><strong>primas</strong></span> <span class='ocrx_word' id='word_1_140' title='bbox 740 1506 950 1573; x_wconf 80' lang='lat' dir='ltr'><strong>nuptias</strong></span> <span class='ocrx_word' id='word_1_141' title='bbox 974 1518 1002 1556; x_wconf 89' lang='lat' dir='ltr'><strong>a</strong></span> <span class='ocrx_word' id='word_1_142' title='bbox 1036 1504 1143 1557; x_wconf 90' lang='lat' dir='ltr'><strong>Deo</strong></span> <span class='ocrx_word' id='word_1_143' title='bbox 1168 1503 1461 1578; x_wconf 82' lang='lat' dir='ltr'><strong>institutas,</strong></span> <span class='ocrx_word' id='word_1_144' title='bbox 1491 1504 1586 1578; x_wconf 83' lang='lat' dir='ltr'><strong>sed</strong></span> <span class='ocrx_word' id='word_1_145' title='bbox 1614 1503 1774 1562; x_wconf 86' lang='lat' dir='ltr'><strong>etiam</strong></span> 
     </span>
    </p>
   </div>
   <div class='ocr_carea' id='block_1_20' title="bbox 186 1573 1773 1644">
    <p class='ocr_par' dir='ltr' id='par_1_20' title="bbox 186 1573 1773 1644">
     <span class='ocr_line' id='line_1_20' title="bbox 186 1573 1773 1644; baseline -0.001 -10"><span class='ocrx_word' id='word_1_146' title='bbox 186 1582 452 1635; x_wconf 87' lang='lat' dir='ltr'><strong>secundas</strong></span> <span class='ocrx_word' id='word_1_147' title='bbox 489 1573 547 1634; x_wconf 75' lang='lat' dir='ltr'><strong>et</strong></span> <span class='ocrx_word' id='word_1_148' title='bbox 577 1577 794 1644; x_wconf 87' lang='lat' dir='ltr'><strong>tertias,</strong></span> <span class='ocrx_word' id='word_1_149' title='bbox 824 1589 918 1643; x_wconf 91' lang='lat' dir='ltr'><strong>pro</strong></span> <span class='ocrx_word' id='word_1_150' title='bbox 957 1588 1140 1629; x_wconf 91' lang='lat' dir='ltr'><strong>eorum</strong></span> <span class='ocrx_word' id='word_1_151' title='bbox 1168 1573 1256 1640; x_wconf 87' lang='lat' dir='ltr'><strong>qui</strong></span> <span class='ocrx_word' id='word_1_152' title='bbox 1282 1588 1341 1628; x_wconf 94' lang='lat' dir='ltr'><strong>se</strong></span> <span class='ocrx_word' id='word_1_153' title='bbox 1366 1576 1642 1631; x_wconf 89' lang='lat' dir='ltr'><strong>continere</strong></span> <span class='ocrx_word' id='word_1_154' title='bbox 1669 1592 1773 1633; x_wconf 91' lang='lat' dir='ltr'><strong>non</strong></span> 
     </span>
    </p>
   </div>
   <div class='ocr_carea' id='block_1_21' title="bbox 312 1644 1777 1716">
    <p class='ocr_par' dir='ltr' id='par_1_21' title="bbox 312 1644 1777 1716">
     <span class='ocr_line' id='line_1_21' title="bbox 312 1644 1777 1716; baseline -0.003 -10"><span class='ocrx_word' id='word_1_155' title='bbox 312 1661 413 1707; x_wconf 89' lang='lat' dir='ltr'><strong>unt</strong></span> <span class='ocrx_word' id='word_1_156' title='bbox 439 1649 772 1713; x_wconf 90' lang='lat' dir='ltr'><strong>inﬁrmitate,</strong></span> <span class='ocrx_word' id='word_1_157' title='bbox 803 1660 1104 1716; x_wconf 76' lang='lat' dir='ltr'><strong>concessas.</strong></span> <span class='ocrx_word' id='word_1_158' title='bbox 1133 1644 1223 1716; x_wconf 87' lang='lat' dir='ltr'><strong>Eis</strong></span> <span class='ocrx_word' id='word_1_159' title='bbox 1249 1660 1374 1699; x_wconf 87' lang='lat' dir='ltr'><strong>vero</strong></span> <span class='ocrx_word' id='word_1_160' title='bbox 1393 1647 1479 1716; x_wconf 91' lang='lat' dir='ltr'><strong>qui</strong></span> <span class='ocrx_word' id='word_1_161' title='bbox 1506 1647 1619 1701; x_wconf 91' lang='lat' dir='ltr'><strong>sive</strong></span> <span class='ocrx_word' id='word_1_162' title='bbox 1648 1662 1777 1702; x_wconf 89' lang='lat' dir='ltr'><strong>con-</strong></span> 
     </span>
    </p>
   </div>
   <div class='ocr_carea' id='block_1_22' title="bbox 179 1715 1774 1791">
    <p class='ocr_par' dir='ltr' id='par_1_22' title="bbox 179 1715 1774 1791">
     <span class='ocr_line' id='line_1_22' title="bbox 179 1715 1774 1791; baseline -0.003 -16"><span class='ocrx_word' id='word_1_163' title='bbox 179 1715 370 1791; x_wconf 72' lang='lat' dir='ltr'><strong>iugati,</strong></span> <span class='ocrx_word' id='word_1_164' title='bbox 399 1724 516 1776; x_wconf 92' lang='lat' dir='ltr'><strong>sive</strong></span> <span class='ocrx_word' id='word_1_165' title='bbox 546 1735 577 1773; x_wconf 87' lang='lat' dir='ltr'><strong>a</strong></span> <span class='ocrx_word' id='word_1_166' title='bbox 606 1717 859 1791; x_wconf 81' lang='lat' dir='ltr'><strong>conjugio</strong></span> <span class='ocrx_word' id='word_1_167' title='bbox 880 1715 1037 1791; x_wconf 79' lang='lat' dir='ltr'><strong>liberi</strong></span> <span class='ocrx_word' id='word_1_168' title='bbox 1060 1715 1453 1791; x_wconf 69' lang='lat' dir='ltr'><strong>continentiam</strong></span> <span class='ocrx_word' id='word_1_169' title='bbox 1473 1717 1583 1771; x_wconf 91' lang='lat' dir='ltr'><strong>Deo</strong></span> <span class='ocrx_word' id='word_1_170' title='bbox 1605 1733 1774 1791; x_wconf 77' lang='lat' dir='ltr'><strong>vove-</strong></span> 
     </span>
    </p>
   </div>
   <div class='ocr_carea' id='block_1_23' title="bbox 182 1785 1774 1859">
    <p class='ocr_par' dir='ltr' id='par_1_23' title="bbox 182 1785 1774 1859">
     <span class='ocr_line' id='line_1_23' title="bbox 182 1785 1774 1859; baseline -0.001 -14"><span class='ocrx_word' id='word_1_171' title='bbox 182 1785 312 1859; x_wconf 73' lang='lat' dir='ltr'><strong>rint,</strong></span> <span class='ocrx_word' id='word_1_172' title='bbox 344 1791 639 1847; x_wconf 84' lang='lat' dir='ltr'><strong>admodum</strong></span> <span class='ocrx_word' id='word_1_173' title='bbox 666 1785 790 1843; x_wconf 76' lang='lat' dir='ltr'><strong>esse</strong></span> <span class='ocrx_word' id='word_1_174' title='bbox 829 1785 1130 1840; x_wconf 86' lang='lat' dir='ltr'><strong>damnabile</strong></span> <span class='ocrx_word' id='word_1_175' title='bbox 1172 1785 1217 1839; x_wconf 89' lang='lat' dir='ltr'><strong>si</strong></span> <span class='ocrx_word' id='word_1_176' title='bbox 1249 1786 1332 1840; x_wconf 89' lang='lat' dir='ltr'><strong>vel</strong></span> <span class='ocrx_word' id='word_1_177' title='bbox 1380 1787 1453 1841; x_wconf 86' lang='lat' dir='ltr'><strong>illi</strong></span> <span class='ocrx_word' id='word_1_178' title='bbox 1497 1789 1774 1858; x_wconf 88' lang='lat' dir='ltr'><strong>oonjugale</strong></span> 
     </span>
    </p>
   </div>
   <div class='ocr_carea' id='block_1_24' title="bbox 183 1860 1773 1931">
    <p class='ocr_par' dir='ltr' id='par_1_24' title="bbox 183 1860 1773 1931">
     <span class='ocr_line' id='line_1_24' title="bbox 183 1860 1773 1931; baseline -0.001 -16"><span class='ocrx_word' id='word_1_179' title='bbox 183 1877 320 1931; x_wconf 84' lang='lat' dir='ltr'><strong>opus</strong></span> <span class='ocrx_word' id='word_1_180' title='bbox 347 1864 619 1918; x_wconf 74' lang='lat' dir='ltr'><strong>voluerint</strong></span> <span class='ocrx_word' id='word_1_181' title='bbox 646 1868 925 1929; x_wconf 89' lang='lat' dir='ltr'><strong>appetere,</strong></span> <span class='ocrx_word' id='word_1_182' title='bbox 960 1870 1158 1927; x_wconf 80' lang='lat' dir='ltr'><strong>quose</strong></span> <span class='ocrx_word' id='word_1_183' title='bbox 1185 1872 1289 1931; x_wconf 77' lang='lat' dir='ltr'><strong>non</strong></span> <span class='ocrx_word' id='word_1_184' title='bbox 1319 1872 1659 1931; x_wconf 73' lang='lat' dir='ltr'><strong>accessuros,</strong></span> <span class='ocrx_word' id='word_1_185' title='bbox 1689 1860 1773 1915; x_wconf 80' lang='lat' dir='ltr'><strong>vel</strong></span> 
     </span>
    </p>
   </div>
   <div class='ocr_carea' id='block_1_25' title="bbox 186 1927 1775 2003">
    <p class='ocr_par' dir='ltr' id='par_1_25' title="bbox 186 1927 1775 2003">
     <span class='ocr_line' id='line_1_25' title="bbox 186 1927 1775 2003; baseline -0.001 -17"><span class='ocrx_word' id='word_1_186' title='bbox 186 1927 269 1987; x_wconf 74' lang='lat' dir='ltr'><strong>illi</strong></span> <span class='ocrx_word' id='word_1_187' title='bbox 298 1942 567 2003; x_wconf 75' lang='lat' dir='ltr'><strong>repetere,</strong></span> <span class='ocrx_word' id='word_1_188' title='bbox 592 1947 625 2003; x_wconf 10' lang='lat' dir='ltr'><strong>7a</strong></span> <span class='ocrx_word' id='word_1_189' title='bbox 645 1927 751 2001; x_wconf 76' lang='lat' dir='ltr'><strong>quo</strong></span> <span class='ocrx_word' id='word_1_190' title='bbox 779 1941 1186 2003; x_wconf 90' lang='lat' dir='ltr'><strong>se_recessuros,</strong></span> <span class='ocrx_word' id='word_1_191' title='bbox 1214 1927 1289 1981; x_wconf 88' lang='lat' dir='ltr'><strong>illi</strong></span> <span class='ocrx_word' id='word_1_192' title='bbox 1320 1928 1504 1994; x_wconf 88' lang='lat' dir='ltr'><strong>libera,</strong></span> <span class='ocrx_word' id='word_1_193' title='bbox 1532 1928 1609 1985; x_wconf 89' lang='lat' dir='ltr'><strong>illi</strong></span> <span class='ocrx_word' id='word_1_194' title='bbox 1629 1944 1775 1984; x_wconf 87' lang='lat' dir='ltr'><strong>com-</strong></span> 
     </span>
    </p>
   </div>
   <div class='ocr_carea' id='block_1_26' title="bbox 196 1998 1061 2072">
    <p class='ocr_par' dir='ltr' id='par_1_26' title="bbox 196 1998 1061 2072">
     <span class='ocr_line' id='line_1_26' title="bbox 196 1998 1061 2072; baseline -0.008 -14"><span class='ocrx_word' id='word_1_195' title='bbox 196 2006 348 2058; x_wconf 85' lang='lat' dir='ltr'><strong>muni</strong></span> <span class='ocrx_word' id='word_1_196' title='bbox 367 1998 607 2072; x_wconf 57' lang='lat' dir='ltr'><strong>&#39;proiessi</strong></span> <span class='ocrx_word' id='word_1_197' title='bbox 627 1998 743 2072; x_wconf 82' lang='lat' dir='ltr'><strong>sunt</strong></span> <span class='ocrx_word' id='word_1_198' title='bbox 771 1998 1061 2072; x_wconf 69' lang='lat' dir='ltr'><strong>voluntate.</strong></span> 
     </span>
    </p>
   </div>
   <div class='ocr_carea' id='block_1_27' title="bbox 274 2067 1772 2137">
    <p class='ocr_par' dir='ltr' id='par_1_27' title="bbox 274 2067 1772 2137">
     <span class='ocr_line' id='line_1_27' title="bbox 274 2067 1772 2137; baseline -0.001 -9"><span class='ocrx_word' id='word_1_199' title='bbox 274 2067 504 2129; x_wconf 74' lang='lat' dir='ltr'><strong>CAPUT</strong></span> <span class='ocrx_word' id='word_1_200' title='bbox 565 2071 743 2137; x_wconf 70' lang='grc' dir='ltr'><strong>χιιιι,</strong></span> <span class='ocrx_word' id='word_1_201' title='bbox 800 2086 891 2123; x_wconf 81' lang='lat' dir='ltr'><strong>seu</strong></span> <span class='ocrx_word' id='word_1_202' title='bbox 943 2069 1075 2125; x_wconf 73' lang='lat' dir='ltr'><strong>Rau.</strong></span> <span class='ocrx_word' id='word_1_203' title='bbox 1115 2083 1201 2121; x_wconf 82' lang='grc' dir='ltr'><strong>χι..</strong></span> <span class='ocrx_word' id='word_1_204' title='bbox 1252 2067 1341 2124; x_wconf 90' lang='grc'><strong>86.</strong></span> <span class='ocrx_word' id='word_1_205' title='bbox 1376 2068 1547 2123; x_wconf 78' lang='lat' dir='ltr'><strong>Malos</strong></span> <span class='ocrx_word' id='word_1_206' title='bbox 1579 2072 1772 2126; x_wconf 79' lang='lat' dir='ltr'><strong>misceri</strong></span> 
     </span>
    </p>
   </div>
   <div class='ocr_carea' id='block_1_28' title="bbox 196 2138 1770 2202">
    <p class='ocr_par' dir='ltr' id='par_1_28' title="bbox 196 2138 1770 2202">
     <span class='ocr_line' id='line_1_28' title="bbox 196 2138 1770 2202; baseline 0.001 -7"><span class='ocrx_word' id='word_1_207' title='bbox 196 2144 351 2197; x_wconf 81' lang='lat' dir='ltr'><strong>bonis</strong></span> <span class='ocrx_word' id='word_1_208' title='bbox 376 2145 431 2197; x_wconf 87' lang='lat' dir='ltr'><strong>in</strong></span> <span class='ocrx_word' id='word_1_209' title='bbox 458 2142 694 2197; x_wconf 78' lang='lat' dir='ltr'><strong>Ecclesia.</strong></span> <span class='ocrx_word' id='word_1_210' title='bbox 721 2138 1046 2195; x_wconf 86' lang='lat' dir='ltr'><strong>Firmissime</strong></span> <span class='ocrx_word' id='word_1_211' title='bbox 1081 2146 1201 2193; x_wconf 89' lang='lat' dir='ltr'><strong>tene</strong></span> <span class='ocrx_word' id='word_1_212' title='bbox 1221 2180 1234 2202; x_wconf 93' lang='lat'><strong>,</strong></span> <span class='ocrx_word' id='word_1_213' title='bbox 1264 2147 1318 2194; x_wconf 90' lang='lat' dir='ltr'><strong>et</strong></span> <span class='ocrx_word' id='word_1_214' title='bbox 1341 2142 1642 2197; x_wconf 88' lang='lat' dir='ltr'><strong>nullatenus</strong></span> <span class='ocrx_word' id='word_1_215' title='bbox 1667 2143 1770 2197; x_wconf 91' lang='lat' dir='ltr'><strong>du-</strong></span> 
     </span>
    </p>
   </div>
   <div class='ocr_carea' id='block_1_29' title="bbox 192 2210 1769 2281">
    <p class='ocr_par' dir='ltr' id='par_1_29' title="bbox 192 2210 1769 2281">
     <span class='ocr_line' id='line_1_29' title="bbox 192 2210 1769 2281; baseline -0.001 -13"><span class='ocrx_word' id='word_1_216' title='bbox 192 2213 361 2281; x_wconf 87' lang='lat' dir='ltr'><strong>bites,</strong></span> <span class='ocrx_word' id='word_1_217' title='bbox 396 2230 574 2269; x_wconf 87' lang='lat' dir='ltr'><strong>aream</strong></span> <span class='ocrx_word' id='word_1_218' title='bbox 600 2213 688 2267; x_wconf 87' lang='lat' dir='ltr'><strong>Dei</strong></span> <span class='ocrx_word' id='word_1_219' title='bbox 711 2227 828 2267; x_wconf 89' lang='lat' dir='ltr'><strong>esse</strong></span> <span class='ocrx_word' id='word_1_220' title='bbox 856 2210 1173 2281; x_wconf 82' lang='lat' dir='ltr'><strong>catholicam</strong></span> <span class='ocrx_word' id='word_1_221' title='bbox 1203 2210 1518 2277; x_wconf 84' lang='lat' dir='ltr'><strong>Ecclesiam,</strong></span> <span class='ocrx_word' id='word_1_222' title='bbox 1548 2221 1604 2267; x_wconf 89' lang='lat' dir='ltr'><strong>et</strong></span> <span class='ocrx_word' id='word_1_223' title='bbox 1632 2213 1769 2267; x_wconf 90' lang='lat' dir='ltr'><strong>intra</strong></span> 
     </span>
    </p>
   </div>
   <div class='ocr_carea' id='block_1_30' title="bbox 184 2279 1771 2354">
    <p class='ocr_par' dir='ltr' id='par_1_30' title="bbox 184 2279 1771 2354">
     <span class='ocr_line' id='line_1_30' title="bbox 184 2279 1771 2354; baseline -0.001 -15"><span class='ocrx_word' id='word_1_224' title='bbox 184 2300 311 2339; x_wconf 84' lang='lat' dir='ltr'><strong>eam</strong></span> <span class='ocrx_word' id='word_1_225' title='bbox 350 2279 527 2354; x_wconf 39' lang='lat' dir='ltr'><strong>&quot;usque</strong></span> <span class='ocrx_word' id='word_1_226' title='bbox 564 2285 615 2337; x_wconf 90' lang='lat' dir='ltr'><strong>in</strong></span> <span class='ocrx_word' id='word_1_227' title='bbox 653 2283 810 2354; x_wconf 87' lang='lat' dir='ltr'><strong>ﬁnem</strong></span> <span class='ocrx_word' id='word_1_228' title='bbox 840 2281 1034 2354; x_wconf 68' lang='lat' dir='ltr'><strong>saeculi</strong></span> <span class='ocrx_word' id='word_1_229' title='bbox 1059 2279 1326 2354; x_wconf 75' lang='lat' dir='ltr'><strong>frumento</strong></span> <span class='ocrx_word' id='word_1_230' title='bbox 1369 2281 1561 2337; x_wconf 87' lang='lat' dir='ltr'><strong>mixtas</strong></span> <span class='ocrx_word' id='word_1_231' title='bbox 1592 2284 1771 2352; x_wconf 83' lang='lat' dir='ltr'><strong>paleas</strong></span> 
     </span>
    </p>
   </div>
   <div class='ocr_carea' id='block_1_31' title="bbox 173 2352 1768 2420">
    <p class='ocr_par' dir='ltr' id='par_1_31' title="bbox 173 2352 1768 2420">
     <span class='ocr_line' id='line_1_31' title="bbox 173 2352 1768 2420; baseline -0.001 -10"><span class='ocrx_word' id='word_1_232' title='bbox 173 2352 475 2420; x_wconf 84' lang='lat' dir='ltr'><strong>contineri,</strong></span> <span class='ocrx_word' id='word_1_233' title='bbox 504 2354 606 2408; x_wconf 89' lang='lat' dir='ltr'><strong>hoc</strong></span> <span class='ocrx_word' id='word_1_234' title='bbox 631 2363 732 2418; x_wconf 90' lang='lat' dir='ltr'><strong>est,</strong></span> <span class='ocrx_word' id='word_1_235' title='bbox 760 2353 913 2407; x_wconf 90' lang='lat' dir='ltr'><strong>bonis</strong></span> <span class='ocrx_word' id='word_1_236' title='bbox 932 2352 1104 2405; x_wconf 90' lang='lat' dir='ltr'><strong>malos</strong></span> <span class='ocrx_word' id='word_1_237' title='bbox 1130 2352 1595 2407; x_wconf 88' lang='lat' dir='ltr'><strong>Sacramentorum</strong></span> <span class='ocrx_word' id='word_1_238' title='bbox 1622 2369 1768 2409; x_wconf 85' lang='lat' dir='ltr'><strong>com-</strong></span> 
     </span>
    </p>
   </div>
   <div class='ocr_carea' id='block_1_32' title="bbox 173 2420 1769 2491">
    <p class='ocr_par' dir='ltr' id='par_1_32' title="bbox 173 2420 1769 2491">
     <span class='ocr_line' id='line_1_32' title="bbox 173 2420 1769 2491; baseline -0.001 -10"><span class='ocrx_word' id='word_1_239' title='bbox 173 2428 439 2481; x_wconf 84' lang='lat' dir='ltr'><strong>munione</strong></span> <span class='ocrx_word' id='word_1_240' title='bbox 476 2425 728 2479; x_wconf 86' lang='lat' dir='ltr'><strong>misceri:</strong></span> <span class='ocrx_word' id='word_1_241' title='bbox 760 2432 814 2479; x_wconf 88' lang='lat' dir='ltr'><strong>et</strong></span> <span class='ocrx_word' id='word_1_242' title='bbox 840 2424 893 2476; x_wconf 91' lang='lat' dir='ltr'><strong>in</strong></span> <span class='ocrx_word' id='word_1_243' title='bbox 918 2422 1063 2476; x_wconf 91' lang='lat' dir='ltr'><strong>omni</strong></span> <span class='ocrx_word' id='word_1_244' title='bbox 1096 2420 1445 2491; x_wconf 81' lang='lat' dir='ltr'><strong>professione,</strong></span> <span class='ocrx_word' id='word_1_245' title='bbox 1476 2424 1587 2478; x_wconf 89' lang='lat' dir='ltr'><strong>sive</strong></span> <span class='ocrx_word' id='word_1_246' title='bbox 1611 2425 1769 2480; x_wconf 85' lang='lat' dir='ltr'><strong>cleri-</strong></span> 
     </span>
    </p>
   </div>
   <div class='ocr_carea' id='block_1_33' title="bbox 173 2493 1769 2563">
    <p class='ocr_par' dir='ltr' id='par_1_33' title="bbox 173 2493 1769 2563">
     <span class='ocr_line' id='line_1_33' title="bbox 173 2493 1769 2563; baseline 0 -12"><span class='ocrx_word' id='word_1_247' title='bbox 173 2511 385 2563; x_wconf 78' lang='lat' dir='ltr'><strong>eorum,</strong></span> <span class='ocrx_word' id='word_1_248' title='bbox 416 2496 534 2553; x_wconf 88' lang='lat' dir='ltr'><strong>sive</strong></span> <span class='ocrx_word' id='word_1_249' title='bbox 561 2494 968 2558; x_wconf 84' lang='lat' dir='ltr'><strong>monachorum,</strong></span> <span class='ocrx_word' id='word_1_250' title='bbox 996 2494 1113 2563; x_wconf 90' lang='lat' dir='ltr'><strong>sive</strong></span> <span class='ocrx_word' id='word_1_251' title='bbox 1137 2493 1387 2547; x_wconf 89' lang='lat' dir='ltr'><strong>laicorum</strong></span> <span class='ocrx_word' id='word_1_252' title='bbox 1408 2534 1422 2558; x_wconf 91' lang='lat'><strong>,</strong></span> <span class='ocrx_word' id='word_1_253' title='bbox 1451 2509 1571 2549; x_wconf 92' lang='lat' dir='ltr'><strong>esse</strong></span> <span class='ocrx_word' id='word_1_254' title='bbox 1599 2495 1769 2551; x_wconf 92' lang='lat' dir='ltr'><strong>bonos</strong></span> 
     </span>
    </p>
   </div>
   <div class='ocr_carea' id='block_1_34' title="bbox 173 2562 1770 2634">
    <p class='ocr_par' dir='ltr' id='par_1_34' title="bbox 173 2562 1770 2634">
     <span class='ocr_line' id='line_1_34' title="bbox 173 2562 1770 2634; baseline 0.001 -14"><span class='ocrx_word' id='word_1_255' title='bbox 173 2567 335 2622; x_wconf 86' lang='lat' dir='ltr'><strong>simul</strong></span> <span class='ocrx_word' id='word_1_256' title='bbox 362 2562 421 2624; x_wconf 88' lang='lat' dir='ltr'><strong>et</strong></span> <span class='ocrx_word' id='word_1_257' title='bbox 447 2567 643 2621; x_wconf 92' lang='lat' dir='ltr'><strong>malos.</strong></span> <span class='ocrx_word' id='word_1_258' title='bbox 668 2565 777 2619; x_wconf 87' lang='lat' dir='ltr'><strong>Nec</strong></span> <span class='ocrx_word' id='word_1_259' title='bbox 804 2579 899 2634; x_wconf 90' lang='lat' dir='ltr'><strong>pro</strong></span> <span class='ocrx_word' id='word_1_260' title='bbox 926 2563 1079 2617; x_wconf 89' lang='lat' dir='ltr'><strong>malis</strong></span> <span class='ocrx_word' id='word_1_261' title='bbox 1105 2562 1273 2618; x_wconf 90' lang='lat' dir='ltr'><strong>bonos</strong></span> <span class='ocrx_word' id='word_1_262' title='bbox 1302 2564 1646 2631; x_wconf 91' lang='lat' dir='ltr'><strong>deserendos,</strong></span> <span class='ocrx_word' id='word_1_263' title='bbox 1675 2567 1770 2621; x_wconf 89' lang='lat' dir='ltr'><strong>sed</strong></span> 
     </span>
    </p>
   </div>
   <div class='ocr_carea' id='block_1_35' title="bbox 176 2634 1769 2707">
    <p class='ocr_par' dir='ltr' id='par_1_35' title="bbox 176 2634 1769 2707">
     <span class='ocr_line' id='line_1_35' title="bbox 176 2634 1769 2707; baseline -0.001 -14"><span class='ocrx_word' id='word_1_264' title='bbox 176 2654 277 2707; x_wconf 86' lang='lat' dir='ltr'><strong>pro</strong></span> <span class='ocrx_word' id='word_1_265' title='bbox 305 2639 464 2693; x_wconf 86' lang='lat' dir='ltr'><strong>bonis</strong></span> <span class='ocrx_word' id='word_1_266' title='bbox 491 2638 690 2703; x_wconf 88' lang='lat' dir='ltr'><strong>malos,</strong></span> <span class='ocrx_word' id='word_1_267' title='bbox 718 2637 771 2689; x_wconf 91' lang='lat' dir='ltr'><strong>in</strong></span> <span class='ocrx_word' id='word_1_268' title='bbox 808 2644 1061 2705; x_wconf 90' lang='lat' dir='ltr'><strong>quantum</strong></span> <span class='ocrx_word' id='word_1_269' title='bbox 1086 2634 1249 2707; x_wconf 67' lang='lat' dir='ltr'><strong>exigit</strong></span> <span class='ocrx_word' id='word_1_270' title='bbox 1272 2634 1769 2707; x_wconf 12' lang='lat' dir='ltr'><strong>ﬁdeitetcharitatis</strong></span> 
     </span>
    </p>
   </div>
   <div class='ocr_carea' id='block_1_36' title="bbox 179 2703 1769 2773">
    <p class='ocr_par' dir='ltr' id='par_1_36' title="bbox 179 2703 1769 2773">
     <span class='ocr_line' id='line_1_36' title="bbox 179 2703 1769 2773; baseline 0.001 -12"><span class='ocrx_word' id='word_1_271' title='bbox 179 2703 337 2773; x_wconf 69' lang='lat' dir='ltr'><strong>ratio,</strong></span> <span class='ocrx_word' id='word_1_272' title='bbox 376 2707 728 2773; x_wconf 88' lang='lat' dir='ltr'><strong>tolerandos;</strong></span> <span class='ocrx_word' id='word_1_273' title='bbox 770 2703 839 2760; x_wconf 57' lang='lat' dir='ltr'><strong>id&#39;</strong></span> <span class='ocrx_word' id='word_1_274' title='bbox 859 2714 960 2770; x_wconf 90' lang='lat' dir='ltr'><strong>est,</strong></span> <span class='ocrx_word' id='word_1_275' title='bbox 998 2707 1043 2759; x_wconf 91' lang='lat' dir='ltr'><strong>si</strong></span> <span class='ocrx_word' id='word_1_276' title='bbox 1070 2704 1152 2759; x_wconf 91' lang='lat' dir='ltr'><strong>vel</strong></span> <span class='ocrx_word' id='word_1_277' title='bbox 1196 2703 1250 2757; x_wconf 91' lang='lat' dir='ltr'><strong>in</strong></span> <span class='ocrx_word' id='word_1_278' title='bbox 1294 2705 1534 2760; x_wconf 86' lang='lat' dir='ltr'><strong>Ecclesia</strong></span> <span class='ocrx_word' id='word_1_279' title='bbox 1576 2707 1769 2763; x_wconf 89' lang='lat' dir='ltr'><strong>nullius</strong></span> 
     </span>
    </p>
   </div>
   <div class='ocr_carea' id='block_1_37' title="bbox 254 2775 1768 2846">
    <p class='ocr_par' dir='ltr' id='par_1_37' title="bbox 254 2775 1768 2846">
     <span class='ocr_line' id='line_1_37' title="bbox 254 2775 1768 2846; baseline 0 -13"><span class='ocrx_word' id='word_1_280' title='bbox 254 2780 419 2835; x_wconf 70' lang='lat' dir='ltr'><strong>rudia:</strong></span> <span class='ocrx_word' id='word_1_281' title='bbox 442 2779 653 2834; x_wconf 87' lang='lat' dir='ltr'><strong>semina</strong></span> <span class='ocrx_word' id='word_1_282' title='bbox 686 2784 968 2846; x_wconf 84' lang='lat' dir='ltr'><strong>spargunt,</strong></span> <span class='ocrx_word' id='word_1_283' title='bbox 996 2776 1079 2830; x_wconf 89' lang='lat' dir='ltr'><strong>vel</strong></span> <span class='ocrx_word' id='word_1_284' title='bbox 1107 2776 1296 2846; x_wconf 78' lang='lat' dir='ltr'><strong>fratres</strong></span> <span class='ocrx_word' id='word_1_285' title='bbox 1320 2775 1389 2829; x_wconf 91' lang='lat' dir='ltr'><strong>ad</strong></span> <span class='ocrx_word' id='word_1_286' title='bbox 1412 2776 1625 2845; x_wconf 90' lang='lat' dir='ltr'><strong>aliquod</strong></span> <span class='ocrx_word' id='word_1_287' title='bbox 1650 2794 1768 2833; x_wconf 91' lang='lat' dir='ltr'><strong>ma-</strong></span> 
     </span>
    </p>
   </div>
   <div class='ocr_carea' id='block_1_38' title="bbox 213 2845 1769 2920">
    <p class='ocr_par' dir='ltr' id='par_1_38' title="bbox 213 2845 1769 2920">
     <span class='ocr_line' id='line_1_38' title="bbox 213 2845 1769 2920; baseline 0.001 -18"><span class='ocrx_word' id='word_1_288' title='bbox 213 2866 301 2903; x_wconf 89' lang='lat' dir='ltr'><strong>um</strong></span> <span class='ocrx_word' id='word_1_289' title='bbox 324 2865 453 2920; x_wconf 88' lang='lat' dir='ltr'><strong>opus</strong></span> <span class='ocrx_word' id='word_1_290' title='bbox 479 2848 760 2920; x_wconf 74' lang='lat' dir='ltr'><strong>mortifera</strong></span> <span class='ocrx_word' id='word_1_291' title='bbox 785 2845 1076 2920; x_wconf 82' lang='lat' dir='ltr'><strong>imitatione</strong></span> <span class='ocrx_word' id='word_1_292' title='bbox 1097 2861 1203 2920; x_wconf 73' lang='lat' dir='ltr'><strong>non</strong></span> <span class='ocrx_word' id='word_1_293' title='bbox 1228 2845 1447 2901; x_wconf 91' lang='lat' dir='ltr'><strong>ducunt.</strong></span> <span class='ocrx_word' id='word_1_294' title='bbox 1476 2847 1587 2920; x_wconf 84' lang='lat' dir='ltr'><strong>Nec</strong></span> <span class='ocrx_word' id='word_1_295' title='bbox 1611 2863 1769 2917; x_wconf 88' lang='lat' dir='ltr'><strong>posse</strong></span> 
     </span>
    </p>
   </div>
   <div class='ocr_carea' id='block_1_39' title="bbox 194 2916 1768 2990">
    <p class='ocr_par' dir='ltr' id='par_1_39' title="bbox 194 2916 1768 2990">
     <span class='ocr_line' id='line_1_39' title="bbox 194 2916 1768 2990; baseline 0.001 -17"><span class='ocrx_word' id='word_1_296' title='bbox 194 2916 416 2990; x_wconf 73' lang='lat' dir='ltr'><strong>aliquem</strong></span> <span class='ocrx_word' id='word_1_297' title='bbox 446 2923 586 2975; x_wconf 89' lang='lat' dir='ltr'><strong>intra</strong></span> <span class='ocrx_word' id='word_1_298' title='bbox 616 2918 913 2990; x_wconf 83' lang='lat' dir='ltr'><strong>Ecclesiam</strong></span> <span class='ocrx_word' id='word_1_299' title='bbox 936 2916 1253 2971; x_wconf 87' lang='lat' dir='ltr'><strong>catholicam</strong></span> <span class='ocrx_word' id='word_1_300' title='bbox 1290 2926 1443 2990; x_wconf 84' lang='lat' dir='ltr'><strong>recte</strong></span> <span class='ocrx_word' id='word_1_301' title='bbox 1461 2918 1768 2975; x_wconf 87' lang='lat' dir='ltr'><strong>credentem</strong></span> 
     </span>
    </p>
   </div>
   <div class='ocr_carea' id='block_1_40' title="bbox 194 2988 1769 3062">
    <p class='ocr_par' dir='ltr' id='par_1_40' title="bbox 194 2988 1769 3062">
     <span class='ocr_line' id='line_1_40' title="bbox 194 2988 1769 3062; baseline 0 -17"><span class='ocrx_word' id='word_1_302' title='bbox 194 2988 426 3062; x_wconf 82' lang='lat' dir='ltr'><strong>beneque</strong></span> <span class='ocrx_word' id='word_1_303' title='bbox 444 2993 736 3062; x_wconf 78' lang='lat' dir='ltr'><strong>viventem,</strong></span> <span class='ocrx_word' id='word_1_304' title='bbox 755 2989 928 3043; x_wconf 86' lang='lat' dir='ltr'><strong>alieno</strong></span> <span class='ocrx_word' id='word_1_305' title='bbox 943 3003 1173 3062; x_wconf 84' lang='lat' dir='ltr'><strong>unquam</strong></span> <span class='ocrx_word' id='word_1_306' title='bbox 1193 2988 1446 3062; x_wconf 78' lang='lat' dir='ltr'><strong>maculari</strong></span> <span class='ocrx_word' id='word_1_307' title='bbox 1468 2996 1709 3062; x_wconf 72' lang='lat' dir='ltr'><strong>peccato,</strong></span> <span class='ocrx_word' id='word_1_308' title='bbox 1724 2990 1769 3045; x_wconf 91' lang='lat' dir='ltr'><strong>si</strong></span> 
     </span>
    </p>
   </div>
   <div class='ocr_carea' id='block_1_41' title="bbox 200 3059 1767 3133">
    <p class='ocr_par' dir='ltr' id='par_1_41' title="bbox 200 3059 1767 3133">
     <span class='ocr_line' id='line_1_41' title="bbox 200 3059 1767 3133; baseline -0.001 -19"><span class='ocrx_word' id='word_1_309' title='bbox 200 3059 431 3130; x_wconf 74' lang='lat' dir='ltr'><strong>cuiquam</strong></span> <span class='ocrx_word' id='word_1_310' title='bbox 458 3060 706 3133; x_wconf 88' lang='lat' dir='ltr'><strong>peccanti</strong></span> <span class='ocrx_word' id='word_1_311' title='bbox 731 3074 829 3114; x_wconf 91' lang='lat' dir='ltr'><strong>nec</strong></span> <span class='ocrx_word' id='word_1_312' title='bbox 852 3060 1255 3133; x_wconf 77' lang='lat' dir='ltr'><strong>consensionem</strong></span> <span class='ocrx_word' id='word_1_313' title='bbox 1280 3059 1527 3133; x_wconf 63' lang='lat' dir='ltr'><strong>praz_bea_t,</strong></span> <span class='ocrx_word' id='word_1_314' title='bbox 1561 3073 1660 3133; x_wconf 82' lang='lat' dir='ltr'><strong>nec</strong></span> <span class='ocrx_word' id='word_1_315' title='bbox 1684 3059 1767 3113; x_wconf 78' lang='lat' dir='ltr'><strong>fa-</strong></span> 
     </span>
    </p>
   </div>
   <div class='ocr_carea' id='block_1_42' title="bbox 207 3128 1768 3201">
    <p class='ocr_par' dir='ltr' id='par_1_42' title="bbox 207 3128 1768 3201">
     <span class='ocr_line' id='line_1_42' title="bbox 207 3128 1768 3201; baseline -0.001 -16"><span class='ocrx_word' id='word_1_316' title='bbox 207 3128 413 3201; x_wconf 82' lang='lat' dir='ltr'><strong>vorem:</strong></span> <span class='ocrx_word' id='word_1_317' title='bbox 442 3128 754 3201; x_wconf 77' lang='lat' dir='ltr'><strong>utiliterque</strong></span> <span class='ocrx_word' id='word_1_318' title='bbox 780 3131 949 3201; x_wconf 87' lang='lat' dir='ltr'><strong>malos</strong></span> <span class='ocrx_word' id='word_1_319' title='bbox 975 3144 1005 3182; x_wconf 88' lang='lat' dir='ltr'><strong>a</strong></span> <span class='ocrx_word' id='word_1_320' title='bbox 1024 3128 1352 3201; x_wconf 78' lang='lat' dir='ltr'><strong>bonisintra</strong></span> <span class='ocrx_word' id='word_1_321' title='bbox 1371 3128 1661 3183; x_wconf 80' lang='lat' dir='ltr'><strong>Ecclesium</strong></span> <span class='ocrx_word' id='word_1_322' title='bbox 1689 3138 1768 3185; x_wconf 89' lang='lat' dir='ltr'><strong>to-</strong></span> 
     </span>
    </p>
   </div>
   <div class='ocr_carea' id='block_1_43' title="bbox 211 3198 1768 3269">
    <p class='ocr_par' dir='ltr' id='par_1_43' title="bbox 211 3198 1768 3269">
     <span class='ocr_line' id='line_1_43' title="bbox 211 3198 1768 3269; baseline 0.001 -15"><span class='ocrx_word' id='word_1_323' title='bbox 211 3200 389 3269; x_wconf 84' lang='lat' dir='ltr'><strong>lerari,</strong></span> <span class='ocrx_word' id='word_1_324' title='bbox 416 3205 455 3258; x_wconf 90' lang='lat' dir='ltr'><strong>si</strong></span> <span class='ocrx_word' id='word_1_325' title='bbox 478 3204 586 3258; x_wconf 89' lang='lat' dir='ltr'><strong>hoc</strong></span> <span class='ocrx_word' id='word_1_326' title='bbox 610 3198 732 3257; x_wconf 80' lang='lat' dir='ltr'><strong>cum</strong></span> <span class='ocrx_word' id='word_1_327' title='bbox 752 3199 829 3255; x_wconf 91' lang='lat' dir='ltr'><strong>eis</strong></span> <span class='ocrx_word' id='word_1_328' title='bbox 855 3200 990 3255; x_wconf 90' lang='lat' dir='ltr'><strong>bene</strong></span> <span class='ocrx_word' id='word_1_329' title='bbox 1015 3199 1241 3254; x_wconf 90' lang='lat' dir='ltr'><strong>vivendo</strong></span> <span class='ocrx_word' id='word_1_330' title='bbox 1264 3208 1318 3253; x_wconf 91' lang='lat' dir='ltr'><strong>et</strong></span> <span class='ocrx_word' id='word_1_331' title='bbox 1339 3198 1478 3255; x_wconf 88' lang='lat' dir='ltr'><strong>bene</strong></span> <span class='ocrx_word' id='word_1_332' title='bbox 1501 3201 1768 3256; x_wconf 88' lang='lat' dir='ltr'><strong>monendo</strong></span> 
     </span>
    </p>
   </div>
   <div class='ocr_carea' id='block_1_44' title="bbox 210 3270 1764 3343">
    <p class='ocr_par' dir='ltr' id='par_1_44' title="bbox 210 3270 1764 3343">
     <span class='ocr_line' id='line_1_44' title="bbox 210 3270 1764 3343; baseline 0.001 -18"><span class='ocrx_word' id='word_1_333' title='bbox 210 3286 397 3343; x_wconf 78' lang='lat' dir='ltr'><strong>agatur,</strong></span> <span class='ocrx_word' id='word_1_334' title='bbox 440 3284 498 3329; x_wconf 89' lang='lat' dir='ltr'><strong>ut</strong></span> <span class='ocrx_word' id='word_1_335' title='bbox 526 3284 581 3330; x_wconf 90' lang='lat' dir='ltr'><strong>et</strong></span> <span class='ocrx_word' id='word_1_336' title='bbox 606 3273 849 3327; x_wconf 86' lang='lat' dir='ltr'><strong>videntes</strong></span> <span class='ocrx_word' id='word_1_337' title='bbox 877 3279 932 3343; x_wconf 84' lang='lat' dir='ltr'><strong>et</strong></span> <span class='ocrx_word' id='word_1_338' title='bbox 970 3271 1245 3343; x_wconf 77' lang='lat' dir='ltr'><strong>audientes</strong></span> <span class='ocrx_word' id='word_1_339' title='bbox 1285 3286 1415 3343; x_wconf 72' lang='lat' dir='ltr'><strong>quae</strong></span> <span class='ocrx_word' id='word_1_340' title='bbox 1432 3270 1569 3325; x_wconf 90' lang='lat' dir='ltr'><strong>bona</strong></span> <span class='ocrx_word' id='word_1_341' title='bbox 1608 3281 1764 3339; x_wconf 90' lang='lat' dir='ltr'><strong>sunt,</strong></span> 
     </span>
    </p>
   </div>
   <div class='ocr_carea' id='block_1_45' title="bbox 208 3339 1767 3413">
    <p class='ocr_par' dir='ltr' id='par_1_45' title="bbox 208 3339 1767 3413">
     <span class='ocr_line' id='line_1_45' title="bbox 208 3339 1767 3413; baseline 0.003 -19"><span class='ocrx_word' id='word_1_342' title='bbox 208 3339 340 3398; x_wconf 79' lang='lat' dir='ltr'><strong>mala</strong></span> <span class='ocrx_word' id='word_1_343' title='bbox 373 3361 459 3400; x_wconf 86' lang='lat' dir='ltr'><strong>sua</strong></span> <span class='ocrx_word' id='word_1_344' title='bbox 488 3352 775 3413; x_wconf 84' lang='lat' dir='ltr'><strong>respuant,</strong></span> <span class='ocrx_word' id='word_1_345' title='bbox 816 3351 869 3398; x_wconf 90' lang='lat' dir='ltr'><strong>et</strong></span> <span class='ocrx_word' id='word_1_346' title='bbox 890 3339 1206 3412; x_wconf 89' lang='lat' dir='ltr'><strong>judicaudos</strong></span> <span class='ocrx_word' id='word_1_347' title='bbox 1241 3356 1357 3413; x_wconf 11' lang='lat' dir='ltr'><strong>seta</strong></span> <span class='ocrx_word' id='word_1_348' title='bbox 1392 3341 1503 3396; x_wconf 92' lang='lat' dir='ltr'><strong>Deo</strong></span> <span class='ocrx_word' id='word_1_349' title='bbox 1533 3356 1630 3410; x_wconf 91' lang='lat' dir='ltr'><strong>pro</strong></span> <span class='ocrx_word' id='word_1_350' title='bbox 1654 3345 1767 3398; x_wconf 92' lang='lat' dir='ltr'><strong>suis</strong></span> 
     </span>
    </p>
   </div>
   <div class='ocr_carea' id='block_1_46' title="bbox 210 3410 1768 3485">
    <p class='ocr_par' dir='ltr' id='par_1_46' title="bbox 210 3410 1768 3485">
     <span class='ocr_line' id='line_1_46' title="bbox 210 3410 1768 3485; baseline 0.001 -18"><span class='ocrx_word' id='word_1_351' title='bbox 210 3414 357 3485; x_wconf 80' lang='lat' dir='ltr'><strong>malis</strong></span> <span class='ocrx_word' id='word_1_352' title='bbox 382 3410 622 3485; x_wconf 80' lang='lat' dir='ltr'><strong>operibus</strong></span> <span class='ocrx_word' id='word_1_353' title='bbox 646 3410 1089 3485; x_wconf 79' lang='lat' dir='ltr'><strong>contremiscunt;</strong></span> <span class='ocrx_word' id='word_1_354' title='bbox 1121 3420 1279 3485; x_wconf 77' lang='lat' dir='ltr'><strong>atque</strong></span> <span class='ocrx_word' id='word_1_355' title='bbox 1305 3410 1768 3485; x_wconf 74' lang='lat' dir='ltr'><strong>ita_pra:veniente</strong></span> 
     </span>
    </p>
   </div>
   <div class='ocr_carea' id='block_1_47' title="bbox 216 3480 1769 3554">
    <p class='ocr_par' dir='ltr' id='par_1_47' title="bbox 216 3480 1769 3554">
     <span class='ocr_line' id='line_1_47' title="bbox 216 3480 1769 3554; baseline 0.003 -19"><span class='ocrx_word' id='word_1_356' title='bbox 216 3482 353 3554; x_wconf 83' lang='lat' dir='ltr'><strong>dono</strong></span> <span class='ocrx_word' id='word_1_357' title='bbox 384 3480 581 3554; x_wconf 66' lang='lat' dir='ltr'><strong>gratiae,</strong></span> <span class='ocrx_word' id='word_1_358' title='bbox 630 3485 700 3540; x_wconf 92' lang='lat' dir='ltr'><strong>de</strong></span> <span class='ocrx_word' id='word_1_359' title='bbox 738 3484 849 3539; x_wconf 88' lang='lat' dir='ltr'><strong>suis</strong></span> <span class='ocrx_word' id='word_1_360' title='bbox 885 3482 1247 3554; x_wconf 81' lang='lat' dir='ltr'><strong>iniquitatibus</strong></span> <span class='ocrx_word' id='word_1_361' title='bbox 1271 3480 1678 3549; x_wconf 80' lang='lat' dir='ltr'><strong>confundantur,</strong></span> <span class='ocrx_word' id='word_1_362' title='bbox 1712 3493 1769 3539; x_wconf 88' lang='lat' dir='ltr'><strong>et</strong></span> 
     </span>
    </p>
   </div>
   <div class='ocr_carea' id='block_1_48' title="bbox 218 3552 1762 3625">
    <p class='ocr_par' dir='ltr' id='par_1_48' title="bbox 218 3552 1762 3625">
     <span class='ocr_line' id='line_1_48' title="bbox 218 3552 1762 3625; baseline 0.001 -19"><span class='ocrx_word' id='word_1_363' title='bbox 218 3553 288 3625; x_wconf 68' lang='lat' dir='ltr'><strong>ad</strong></span> <span class='ocrx_word' id='word_1_364' title='bbox 317 3552 491 3610; x_wconf 79' lang='lat' dir='ltr'><strong>bonam</strong></span> <span class='ocrx_word' id='word_1_365' title='bbox 512 3558 669 3611; x_wconf 86' lang='lat' dir='ltr'><strong>vitam</strong></span> <span class='ocrx_word' id='word_1_366' title='bbox 692 3571 787 3625; x_wconf 88' lang='lat' dir='ltr'><strong>per</strong></span> <span class='ocrx_word' id='word_1_367' title='bbox 810 3554 905 3609; x_wconf 89' lang='lat' dir='ltr'><strong>Dei</strong></span> <span class='ocrx_word' id='word_1_368' title='bbox 927 3552 1349 3625; x_wconf 75' lang='lat' dir='ltr'><strong>misericordiam</strong></span> <span class='ocrx_word' id='word_1_369' title='bbox 1367 3562 1762 3625; x_wconf 85' lang='lat' dir='ltr'><strong>convertantur.</strong></span> 
     </span>
    </p>
   </div>
   <div class='ocr_carea' id='block_1_49' title="bbox 211 3622 1765 3683">
    <p class='ocr_par' dir='ltr' id='par_1_49' title="bbox 211 3622 1765 3683">
     <span class='ocr_line' id='line_1_49' title="bbox 211 3622 1765 3683; baseline 0.003 -7"><span class='ocrx_word' id='word_1_370' title='bbox 211 3622 390 3681; x_wconf 88' lang='lat' dir='ltr'><strong>Bonos</strong></span> <span class='ocrx_word' id='word_1_371' title='bbox 418 3642 529 3683; x_wconf 86' lang='lat' dir='ltr'><strong>vero</strong></span> <span class='ocrx_word' id='word_1_372' title='bbox 551 3645 578 3682; x_wconf 84' lang='lat' dir='ltr'><strong>a</strong></span> <span class='ocrx_word' id='word_1_373' title='bbox 620 3622 779 3681; x_wconf 81' lang='lat' dir='ltr'><strong>malis</strong></span> <span class='ocrx_word' id='word_1_374' title='bbox 804 3626 944 3679; x_wconf 89' lang='lat' dir='ltr'><strong>intra</strong></span> <span class='ocrx_word' id='word_1_375' title='bbox 973 3624 1265 3678; x_wconf 79' lang='lat' dir='ltr'><strong>Ecclesium</strong></span> <span class='ocrx_word' id='word_1_376' title='bbox 1295 3624 1551 3677; x_wconf 81' lang='lat' dir='ltr'><strong>duntaxat</strong></span> <span class='ocrx_word' id='word_1_377' title='bbox 1578 3624 1765 3680; x_wconf 91' lang='lat' dir='ltr'><strong>catho-</strong></span> 
     </span>
    </p>
   </div>
   <div class='ocr_carea' id='block_1_50' title="bbox 208 3694 1765 3764">
    <p class='ocr_par' dir='ltr' id='par_1_50' title="bbox 208 3694 1765 3764">
     <span class='ocr_line' id='line_1_50' title="bbox 208 3694 1765 3764; baseline 0.002 -17"><span class='ocrx_word' id='word_1_378' title='bbox 208 3694 363 3751; x_wconf 84' lang='lat' dir='ltr'><strong>licam</strong></span> <span class='ocrx_word' id='word_1_379' title='bbox 400 3699 688 3754; x_wconf 89' lang='lat' dir='ltr'><strong>constitutis</strong></span> <span class='ocrx_word' id='word_1_380' title='bbox 732 3712 871 3751; x_wconf 90' lang='lat' dir='ltr'><strong>nunc</strong></span> <span class='ocrx_word' id='word_1_381' title='bbox 900 3694 1096 3749; x_wconf 87' lang='lat' dir='ltr'><strong>debere</strong></span> <span class='ocrx_word' id='word_1_382' title='bbox 1121 3695 1141 3726; x_wconf 82' lang='grc'><strong><em>²</em></strong></span> <span class='ocrx_word' id='word_1_383' title='bbox 1171 3708 1392 3764; x_wconf 91' lang='lat' dir='ltr'><strong>operum</strong></span> <span class='ocrx_word' id='word_1_384' title='bbox 1432 3694 1765 3750; x_wconf 82' lang='lat' dir='ltr'><strong>dissimilitu-</strong></span> 
     </span>
    </p>
   </div>
   <div class='ocr_carea' id='block_1_51' title="bbox 208 3764 1767 3839">
    <p class='ocr_par' dir='ltr' id='par_1_51' title="bbox 208 3764 1767 3839">
     <span class='ocr_line' id='line_1_51' title="bbox 208 3764 1767 3839; baseline -0.002 -18"><span class='ocrx_word' id='word_1_385' title='bbox 208 3764 328 3839; x_wconf 74' lang='lat' dir='ltr'><strong>dine</strong></span> <span class='ocrx_word' id='word_1_386' title='bbox 364 3772 625 3839; x_wconf 84' lang='lat' dir='ltr'><strong>separari;</strong></span> <span class='ocrx_word' id='word_1_387' title='bbox 673 3775 733 3822; x_wconf 90' lang='lat' dir='ltr'><strong>ut</strong></span> <span class='ocrx_word' id='word_1_388' title='bbox 760 3781 881 3839; x_wconf 89' lang='lat' dir='ltr'><strong>cum</strong></span> <span class='ocrx_word' id='word_1_389' title='bbox 922 3764 1330 3839; x_wconf 89' lang='lat' dir='ltr'><strong>quibus_divina</strong></span> <span class='ocrx_word' id='word_1_390' title='bbox 1373 3766 1767 3839; x_wconf 82' lang='lat' dir='ltr'><strong>communicant</strong></span> 
     </span>
    </p>
   </div>
   <div class='ocr_carea' id='block_1_52' title="bbox 210 3835 1766 3904">
    <p class='ocr_par' dir='ltr' id='par_1_52' title="bbox 210 3835 1766 3904">
     <span class='ocr_line' id='line_1_52' title="bbox 210 3835 1766 3904; baseline 0.001 -13"><span class='ocrx_word' id='word_1_391' title='bbox 210 3835 561 3904; x_wconf 81' lang='lat' dir='ltr'><strong>Sacramenta,</strong></span> <span class='ocrx_word' id='word_1_392' title='bbox 612 3856 717 3893; x_wconf 90' lang='lat' dir='ltr'><strong>non</strong></span> <span class='ocrx_word' id='word_1_393' title='bbox 765 3838 990 3892; x_wconf 86' lang='lat' dir='ltr'><strong>habeant</strong></span> <span class='ocrx_word' id='word_1_394' title='bbox 1037 3835 1174 3890; x_wconf 89' lang='lat' dir='ltr'><strong>mala</strong></span> <span class='ocrx_word' id='word_1_395' title='bbox 1218 3849 1412 3904; x_wconf 84' lang='lat' dir='ltr'><strong>Opera,</strong></span> <span class='ocrx_word' id='word_1_396' title='bbox 1458 3836 1648 3904; x_wconf 89' lang='lat' dir='ltr'><strong>quibus</strong></span> <span class='ocrx_word' id='word_1_397' title='bbox 1690 3837 1766 3892; x_wconf 92' lang='lat' dir='ltr'><strong>illi</strong></span> 
     </span>
    </p>
   </div>
   <div class='ocr_carea' id='block_1_53' title="bbox 212 3905 1766 3975">
    <p class='ocr_par' dir='ltr' id='par_1_53' title="bbox 212 3905 1766 3975">
     <span class='ocr_line' id='line_1_53' title="bbox 212 3905 1766 3975; baseline 0.001 -14"><span class='ocrx_word' id='word_1_398' title='bbox 212 3919 327 3962; x_wconf 83' lang='lat' dir='ltr'><strong>sunt</strong></span> <span class='ocrx_word' id='word_1_399' title='bbox 346 3912 626 3975; x_wconf 90' lang='lat' dir='ltr'><strong>criminosi,</strong></span> <span class='ocrx_word' id='word_1_400' title='bbox 658 3907 977 3964; x_wconf 90' lang='lat' dir='ltr'><strong>communia.</strong></span> <span class='ocrx_word' id='word_1_401' title='bbox 1013 3905 1067 3960; x_wconf 88' lang='lat' dir='ltr'><strong>lu</strong></span> <span class='ocrx_word' id='word_1_402' title='bbox 1101 3906 1205 3960; x_wconf 89' lang='lat' dir='ltr'><strong>ﬁne</strong></span> <span class='ocrx_word' id='word_1_403' title='bbox 1232 3920 1362 3961; x_wconf 89' lang='lat' dir='ltr'><strong>vero</strong></span> <span class='ocrx_word' id='word_1_404' title='bbox 1389 3907 1567 3960; x_wconf 71' lang='lat' dir='ltr'><strong>srcculi</strong></span> <span class='ocrx_word' id='word_1_405' title='bbox 1597 3906 1766 3962; x_wconf 89' lang='lat' dir='ltr'><strong>bonos</strong></span> 
     </span>
    </p>
   </div>
   <div class='ocr_carea' id='block_1_54' title="bbox 214 3975 1766 4049">
    <p class='ocr_par' dir='ltr' id='par_1_54' title="bbox 214 3975 1766 4049">
     <span class='ocr_line' id='line_1_54' title="bbox 214 3975 1766 4049; baseline 0 -17"><span class='ocrx_word' id='word_1_406' title='bbox 214 3992 249 4049; x_wconf 62' lang='grc' dir='ltr'><strong>ει</strong></span> <span class='ocrx_word' id='word_1_407' title='bbox 258 3982 421 4049; x_wconf 81' lang='lat' dir='ltr'><strong>malis</strong></span> <span class='ocrx_word' id='word_1_408' title='bbox 460 3985 619 4036; x_wconf 89' lang='lat' dir='ltr'><strong>etiam</strong></span> <span class='ocrx_word' id='word_1_409' title='bbox 667 3993 891 4049; x_wconf 90' lang='lat' dir='ltr'><strong>corpore</strong></span> <span class='ocrx_word' id='word_1_410' title='bbox 936 3976 1299 4049; x_wconf 87' lang='lat' dir='ltr'><strong>separandos:</strong></span> <span class='ocrx_word' id='word_1_411' title='bbox 1352 3975 1563 4046; x_wconf 90' lang='lat' dir='ltr'><strong>quando</strong></span> <span class='ocrx_word' id='word_1_412' title='bbox 1590 3978 1766 4033; x_wconf 88' lang='lat' dir='ltr'><strong>veniet</strong></span> 
     </span>
    </p>
   </div>
   <div class='ocr_carea' id='block_1_55' title="bbox 213 4046 1761 4116">
    <p class='ocr_par' dir='ltr' id='par_1_55' title="bbox 213 4046 1761 4116">
     <span class='ocr_line' id='line_1_55' title="bbox 213 4046 1761 4116; baseline 0.001 -15"><span class='ocrx_word' id='word_1_413' title='bbox 213 4046 434 4105; x_wconf 78' lang='lat' dir='ltr'><strong>Christus</strong></span> <span class='ocrx_word' id='word_1_414' title='bbox 460 4052 663 4106; x_wconf 84' lang='lat' dir='ltr'><strong>habens</strong></span> <span class='ocrx_word' id='word_1_415' title='bbox 686 4046 1016 4104; x_wconf 78' lang='lat' dir='ltr'><strong>ventilabrum</strong></span> <span class='ocrx_word' id='word_1_416' title='bbox 1044 4048 1098 4100; x_wconf 86' lang='lat' dir='ltr'><strong>in</strong></span> <span class='ocrx_word' id='word_1_417' title='bbox 1122 4064 1276 4100; x_wconf 87' lang='lat' dir='ltr'><strong>manu</strong></span> <span class='ocrx_word' id='word_1_418' title='bbox 1304 4063 1417 4112; x_wconf 86' lang='lat' dir='ltr'><strong>sua,</strong></span> <span class='ocrx_word' id='word_1_419' title='bbox 1447 4056 1495 4099; x_wconf 89' lang='lat' dir='ltr'><strong>et</strong></span> <span class='ocrx_word' id='word_1_420' title='bbox 1523 4063 1761 4116; x_wconf 85' lang='lat' dir='ltr'><strong>permun-</strong></span> 
     </span>
    </p>
   </div>
   <div class='ocr_carea' id='block_1_56' title="bbox 212 4117 1765 4189">
    <p class='ocr_par' dir='ltr' id='par_1_56' title="bbox 212 4117 1765 4189">
     <span class='ocr_line' id='line_1_56' title="bbox 212 4117 1765 4189; baseline 0.001 -20"><span class='ocrx_word' id='word_1_421' title='bbox 212 4119 338 4173; x_wconf 79' lang='lat' dir='ltr'><strong>dabit</strong></span> <span class='ocrx_word' id='word_1_422' title='bbox 358 4139 517 4176; x_wconf 85' lang='lat' dir='ltr'><strong>aream</strong></span> <span class='ocrx_word' id='word_1_423' title='bbox 538 4138 705 4185; x_wconf 88' lang='lat' dir='ltr'><strong>suam,</strong></span> <span class='ocrx_word' id='word_1_424' title='bbox 738 4129 782 4174; x_wconf 86' lang='lat' dir='ltr'><strong>et</strong></span> <span class='ocrx_word' id='word_1_425' title='bbox 809 4118 1126 4189; x_wconf 83' lang='lat' dir='ltr'><strong>congregabit</strong></span> <span class='ocrx_word' id='word_1_426' title='bbox 1148 4119 1543 4189; x_wconf 12' lang='lat' dir='ltr'><strong>triticumtsuum</strong></span> <span class='ocrx_word' id='word_1_427' title='bbox 1562 4118 1616 4171; x_wconf 88' lang='lat' dir='ltr'><strong>in</strong></span> <span class='ocrx_word' id='word_1_428' title='bbox 1641 4117 1765 4189; x_wconf 81' lang='lat' dir='ltr'><strong>hor-</strong></span> 
     </span>
    </p>
   </div>
   <div class='ocr_carea' id='block_1_57' title="bbox 210 4188 1766 4262">
    <p class='ocr_par' dir='ltr' id='par_1_57' title="bbox 210 4188 1766 4262">
     <span class='ocr_line' id='line_1_57' title="bbox 210 4188 1766 4262; baseline 0 -20"><span class='ocrx_word' id='word_1_429' title='bbox 210 4205 338 4262; x_wconf 72' lang='lat' dir='ltr'><strong>reum</strong></span> <span class='ocrx_word' id='word_1_430' title='bbox 364 4193 411 4259; x_wconf 84' lang='grc'><strong>³,</strong></span> <span class='ocrx_word' id='word_1_431' title='bbox 460 4194 631 4262; x_wconf 77' lang='lat' dir='ltr'><strong>paleas</strong></span> <span class='ocrx_word' id='word_1_432' title='bbox 678 4202 869 4262; x_wconf 25' lang='lat' dir='ltr'><strong>autem‘</strong></span> <span class='ocrx_word' id='word_1_433' title='bbox 897 4188 1166 4262; x_wconf 60' lang='lat' dir='ltr'><strong>comburet</strong></span> <span class='ocrx_word' id='word_1_434' title='bbox 1209 4189 1321 4262; x_wconf 83' lang='lat' dir='ltr'><strong>igni</strong></span> <span class='ocrx_word' id='word_1_435' title='bbox 1361 4188 1766 4262; x_wconf 68' lang='lat' dir='ltr'><strong>inexstinguibili</strong></span> 
     </span>
    </p>
   </div>
   <div class='ocr_carea' id='block_1_58' title="bbox 212 4258 1764 4334">
    <p class='ocr_par' dir='ltr' id='par_1_58' title="bbox 212 4258 1764 4334">
     <span class='ocr_line' id='line_1_58' title="bbox 212 4258 1764 4334; baseline 0.001 -21"><span class='ocrx_word' id='word_1_436' title='bbox 212 4258 404 4334; x_wconf 50' lang='lat' dir='ltr'><strong>(lculi.</strong></span> <span class='ocrx_word' id='word_1_437' title='bbox 436 4258 512 4332; x_wconf 82' lang='lat' dir='ltr'><strong>in,</strong></span> <span class='ocrx_word' id='word_1_438' title='bbox 548 4263 670 4334; x_wconf 75' lang='lat' dir='ltr'><strong>l2);</strong></span> <span class='ocrx_word' id='word_1_439' title='bbox 701 4260 1030 4334; x_wconf 83' lang='lat' dir='ltr'><strong>quand0_per</strong></span> <span class='ocrx_word' id='word_1_440' title='bbox 1055 4258 1316 4334; x_wconf 80' lang='lat' dir='ltr'><strong>judicium</strong></span> <span class='ocrx_word' id='word_1_441' title='bbox 1350 4258 1551 4327; x_wconf 90' lang='lat' dir='ltr'><strong>justum</strong></span> <span class='ocrx_word' id='word_1_442' title='bbox 1580 4272 1764 4329; x_wconf 82' lang='lat' dir='ltr'><strong>segre—</strong></span> 
     </span>
    </p>
   </div>
   <div class='ocr_carea' id='block_1_59' title="bbox 209 4329 1762 4403">
    <p class='ocr_par' dir='ltr' id='par_1_59' title="bbox 209 4329 1762 4403">
     <span class='ocr_line' id='line_1_59' title="bbox 209 4329 1762 4403; baseline 0 -19"><span class='ocrx_word' id='word_1_443' title='bbox 209 4329 341 4398; x_wconf 64' lang='lat' dir='ltr'><strong>31bit</strong></span> <span class='ocrx_word' id='word_1_444' title='bbox 358 4329 522 4403; x_wconf 77' lang='lat' dir='ltr'><strong>iustos</strong></span> <span class='ocrx_word' id='word_1_445' title='bbox 544 4329 623 4388; x_wconf 58' lang='lat' dir='ltr'><strong>ab&#39;</strong></span> <span class='ocrx_word' id='word_1_446' title='bbox 656 4329 886 4401; x_wconf 86' lang='lat' dir='ltr'><strong>injustis,</strong></span> <span class='ocrx_word' id='word_1_447' title='bbox 915 4331 1084 4403; x_wconf 83' lang='lat' dir='ltr'><strong>bonos</strong></span> <span class='ocrx_word' id='word_1_448' title='bbox 1110 4329 1356 4403; x_wconf 27' lang='lat' dir='ltr'><strong>a‘malis,</strong></span> <span class='ocrx_word' id='word_1_449' title='bbox 1386 4339 1559 4403; x_wconf 83' lang='lat' dir='ltr'><strong>rectos</strong></span> <span class='ocrx_word' id='word_1_450' title='bbox 1583 4343 1612 4403; x_wconf 67' lang='grc' dir='ltr'><strong>ξι</strong></span> <span class='ocrx_word' id='word_1_451' title='bbox 1640 4345 1762 4403; x_wconf 57' lang='grc' dir='ltr'><strong>ρεξτε</strong></span> 
     </span>
    </p>
   </div>
   <div class='ocr_carea' id='block_1_60' title="bbox 210 4399 1762 4466">
    <p class='ocr_par' dir='ltr' id='par_1_60' title="bbox 210 4399 1762 4466">
     <span class='ocr_line' id='line_1_60' title="bbox 210 4399 1762 4466; baseline -0.003 -9"><span class='ocrx_word' id='word_1_452' title='bbox 210 4399 402 4458; x_wconf 77' lang='lat' dir='ltr'><strong>versis:</strong></span> <span class='ocrx_word' id='word_1_453' title='bbox 429 4406 596 4460; x_wconf 88' lang='lat' dir='ltr'><strong>bonos</strong></span> <span class='ocrx_word' id='word_1_454' title='bbox 625 4399 909 4459; x_wconf 83' lang='lat' dir='ltr'><strong>constituet</strong></span> <span class='ocrx_word' id='word_1_455' title='bbox 932 4417 962 4455; x_wconf 92' lang='lat' dir='ltr'><strong>a</strong></span> <span class='ocrx_word' id='word_1_456' title='bbox 984 4400 1203 4462; x_wconf 74' lang='lat' dir='ltr'><strong>dextris,</strong></span> <span class='ocrx_word' id='word_1_457' title='bbox 1239 4399 1408 4452; x_wconf 90' lang='lat' dir='ltr'><strong>malos</strong></span> <span class='ocrx_word' id='word_1_458' title='bbox 1439 4413 1470 4451; x_wconf 90' lang='lat' dir='ltr'><strong>a</strong></span> <span class='ocrx_word' id='word_1_459' title='bbox 1498 4399 1762 4466; x_wconf 88' lang='lat' dir='ltr'><strong>sinistris;</strong></span> 
     </span>
    </p>
   </div>
   <div class='ocr_carea' id='block_1_61' title="bbox 210 4470 1766 4545">
    <p class='ocr_par' dir='ltr' id='par_1_61' title="bbox 210 4470 1766 4545">
     <span class='ocr_line' id='line_1_61' title="bbox 210 4470 1766 4545; baseline -0.001 -19"><span class='ocrx_word' id='word_1_460' title='bbox 210 4480 263 4545; x_wconf 66' lang='lat' dir='ltr'><strong>et</strong></span> <span class='ocrx_word' id='word_1_461' title='bbox 278 4488 335 4527; x_wconf 78' lang='lat' dir='ltr'><strong>ex</strong></span> <span class='ocrx_word' id='word_1_462' title='bbox 352 4477 465 4545; x_wconf 85' lang='lat' dir='ltr'><strong>.ejus</strong></span> <span class='ocrx_word' id='word_1_463' title='bbox 484 4487 589 4530; x_wconf 81' lang='lat' dir='ltr'><strong>ore&quot;</strong></span> <span class='ocrx_word' id='word_1_464' title='bbox 594 4474 723 4543; x_wconf 89' lang='lat' dir='ltr'><strong>justi</strong></span> <span class='ocrx_word' id='word_1_465' title='bbox 751 4472 1040 4540; x_wconf 73' lang='lat' dir='ltr'><strong>azternique</strong></span> <span class='ocrx_word' id='word_1_466' title='bbox 1061 4470 1244 4545; x_wconf 86' lang='lat' dir='ltr'><strong>judicii</strong></span> <span class='ocrx_word' id='word_1_467' title='bbox 1266 4470 1586 4545; x_wconf 82' lang='lat' dir='ltr'><strong>sempiterna</strong></span> <span class='ocrx_word' id='word_1_468' title='bbox 1607 4478 1766 4545; x_wconf 73' lang='lat' dir='ltr'><strong>atque</strong></span> 
     </span>
    </p>
   </div>
   <div class='ocr_carea' id='block_1_62' title="bbox 213 4539 1766 4613">
    <p class='ocr_par' dir='ltr' id='par_1_62' title="bbox 213 4539 1766 4613">
     <span class='ocr_line' id='line_1_62' title="bbox 213 4539 1766 4613; baseline -0.001 -19"><span class='ocrx_word' id='word_1_469' title='bbox 213 4539 610 4613; x_wconf 79' lang='lat' dir='ltr'><strong>incommutabili</strong></span> <span class='ocrx_word' id='word_1_470' title='bbox 653 4544 853 4613; x_wconf 90' lang='lat' dir='ltr'><strong>prolata</strong></span> <span class='ocrx_word' id='word_1_471' title='bbox 899 4539 1194 4613; x_wconf 83' lang='lat' dir='ltr'><strong>sententia,</strong></span> <span class='ocrx_word' id='word_1_472' title='bbox 1224 4539 1389 4613; x_wconf 88' lang='lat' dir='ltr'><strong>iniqui</strong></span> <span class='ocrx_word' id='word_1_473' title='bbox 1416 4554 1602 4613; x_wconf 85' lang='lat' dir='ltr'><strong>omnes</strong></span> <span class='ocrx_word' id='word_1_474' title='bbox 1626 4540 1766 4593; x_wconf 85' lang='lat' dir='ltr'><strong>ibunt</strong></span> 
     </span>
    </p>
   </div>
   <div class='ocr_carea' id='block_1_63' title="bbox 210 4610 1765 4681">
    <p class='ocr_par' dir='ltr' id='par_1_63' title="bbox 210 4610 1765 4681">
     <span class='ocr_line' id='line_1_63' title="bbox 210 4610 1765 4681; baseline -0.004 -12"><span class='ocrx_word' id='word_1_475' title='bbox 210 4610 259 4664; x_wconf 70' lang='lat' dir='ltr'><strong>in</strong></span> <span class='ocrx_word' id='word_1_476' title='bbox 280 4610 668 4671; x_wconf 62' lang='lat' dir='ltr'><strong>combustionem</strong></span> <span class='ocrx_word' id='word_1_477' title='bbox 689 4624 962 4675; x_wconf 71' lang='lat' dir='ltr'><strong>retentam,</strong></span> <span class='ocrx_word' id='word_1_478' title='bbox 997 4612 1125 4681; x_wconf 83' lang='lat' dir='ltr'><strong>justi</strong></span> <span class='ocrx_word' id='word_1_479' title='bbox 1165 4621 1332 4663; x_wconf 87' lang='lat' dir='ltr'><strong>autem</strong></span> <span class='ocrx_word' id='word_1_480' title='bbox 1361 4611 1412 4662; x_wconf 88' lang='lat' dir='ltr'><strong>in</strong></span> <span class='ocrx_word' id='word_1_481' title='bbox 1439 4611 1593 4663; x_wconf 88' lang='lat' dir='ltr'><strong>vitam</strong></span> <span class='ocrx_word' id='word_1_482' title='bbox 1616 4620 1765 4663; x_wconf 83' lang='lat' dir='ltr'><strong>(eter-</strong></span> 
     </span>
    </p>
   </div>
   <div class='ocr_carea' id='block_1_64' title="bbox 212 4681 1766 4756">
    <p class='ocr_par' dir='ltr' id='par_1_64' title="bbox 212 4681 1766 4756">
     <span class='ocr_line' id='line_1_64' title="bbox 212 4681 1766 4756; baseline -0.003 -17"><span class='ocrx_word' id='word_1_483' title='bbox 212 4698 318 4756; x_wconf 70' lang='grc' dir='ltr'><strong>ξιαηι</strong></span> <span class='ocrx_word' id='word_1_484' title='bbox 342 4687 443 4756; x_wconf 75' lang='lat' dir='ltr'><strong>(Id.</strong></span> <span class='ocrx_word' id='word_1_485' title='bbox 472 4702 607 4753; x_wconf 88' lang='lat' dir='ltr'><strong>xxv,</strong></span> <span class='ocrx_word' id='word_1_486' title='bbox 645 4686 779 4755; x_wconf 64' lang='lat'><strong>45):</strong></span> <span class='ocrx_word' id='word_1_487' title='bbox 828 4682 991 4756; x_wconf 89' lang='lat' dir='ltr'><strong>iniqui</strong></span> <span class='ocrx_word' id='word_1_488' title='bbox 1036 4697 1248 4756; x_wconf 79' lang='lat' dir='ltr'><strong>semper</strong></span> <span class='ocrx_word' id='word_1_489' title='bbox 1290 4681 1621 4756; x_wconf 64' lang='lat' dir='ltr'><strong>arsuricum</strong></span> <span class='ocrx_word' id='word_1_490' title='bbox 1652 4681 1766 4735; x_wconf 90' lang='lat' dir='ltr'><strong>dia-</strong></span> 
     </span>
    </p>
   </div>
   <div class='ocr_carea' id='block_1_65' title="bbox 211 4750 1667 4827">
    <p class='ocr_par' dir='ltr' id='par_1_65' title="bbox 211 4750 1667 4827">
     <span class='ocr_line' id='line_1_65' title="bbox 211 4750 1667 4827; baseline -0.003 -19"><span class='ocrx_word' id='word_1_491' title='bbox 211 4750 484 4827; x_wconf 59' lang='lat' dir='ltr'><strong>bolo,&#39;jnsti</strong></span> <span class='ocrx_word' id='word_1_492' title='bbox 510 4750 687 4811; x_wconf 82' lang='lat' dir='ltr'><strong>autem</strong></span> <span class='ocrx_word' id='word_1_493' title='bbox 716 4750 982 4827; x_wconf 55' lang='lat' dir='ltr'><strong>regnatum</strong></span> <span class='ocrx_word' id='word_1_494' title='bbox 1009 4752 1125 4827; x_wconf 81' lang='lat' dir='ltr'><strong>sine</strong></span> <span class='ocrx_word' id='word_1_495' title='bbox 1154 4754 1259 4827; x_wconf 81' lang='lat' dir='ltr'><strong>line</strong></span> <span class='ocrx_word' id='word_1_496' title='bbox 1284 4766 1404 4827; x_wconf 86' lang='lat' dir='ltr'><strong>cum</strong></span> <span class='ocrx_word' id='word_1_497' title='bbox 1436 4750 1667 4827; x_wconf 47' lang='lat' dir='ltr'><strong>Christo:</strong></span> 
     </span>
    </p>
   </div>
   <div class='ocr_carea' id='block_1_66' title="bbox 274 4820 1767 4889">
    <p class='ocr_par' dir='ltr' id='par_1_66' title="bbox 274 4820 1767 4889">
     <span class='ocr_line' id='line_1_66' title="bbox 274 4820 1767 4889; baseline -0.002 -9"><span class='ocrx_word' id='word_1_498' title='bbox 274 4820 479 4885; x_wconf 65' lang='grc' dir='ltr'><strong>(ᾈΡΟΤ</strong></span> <span class='ocrx_word' id='word_1_499' title='bbox 536 4826 721 4883; x_wconf 81' lang='lat' dir='ltr'><strong>XLIV.</strong></span> <span class='ocrx_word' id='word_1_500' title='bbox 775 4820 865 4880; x_wconf 73' lang='lat'><strong>37.</strong></span> <span class='ocrx_word' id='word_1_501' title='bbox 912 4821 1291 4877; x_wconf 86' lang='lat' dir='ltr'><strong>Pcrsistendum</strong></span> <span class='ocrx_word' id='word_1_502' title='bbox 1351 4822 1404 4873; x_wconf 90' lang='lat' dir='ltr'><strong>in</strong></span> <span class='ocrx_word' id='word_1_503' title='bbox 1470 4820 1590 4889; x_wconf 80' lang='lat' dir='ltr'><strong>ﬁde.</strong></span> <span class='ocrx_word' id='word_1_504' title='bbox 1642 4822 1767 4877; x_wconf 70' lang='lat' dir='ltr'><strong>limc</strong></span> 
     </span>
    </p>
   </div>
   <div class='ocr_carea' id='block_1_67' title="bbox 210 4892 1766 5017">
    <p class='ocr_par' dir='ltr' id='par_1_67' title="bbox 210 4892 1766 5017">
     <span class='ocr_line' id='line_1_67' title="bbox 210 4892 1766 5017; baseline 0 -70"><span class='ocrx_word' id='word_1_505' title='bbox 210 4893 402 4953; x_wconf 82' lang='lat' dir='ltr'><strong>interim</strong></span> <span class='ocrx_word' id='word_1_506' title='bbox 443 4898 789 4979; x_wconf 67' lang='lat' dir='ltr'><strong>quadraginta</strong></span> <span class='ocrx_word' id='word_1_507' title='bbox 831 4895 1057 4963; x_wconf 89' lang='lat' dir='ltr'><strong>capitula</strong></span> <span class='ocrx_word' id='word_1_508' title='bbox 1094 4892 1160 4946; x_wconf 91' lang='lat' dir='ltr'><strong>ad</strong></span> <span class='ocrx_word' id='word_1_509' title='bbox 1203 4892 1439 5017; x_wconf 51' lang='lat' dir='ltr'><strong>regulam</strong></span> <span class='ocrx_word' id='word_1_510' title='bbox 1465 4907 1606 4971; x_wconf 61' lang='lat' dir='ltr'><strong>vera:</strong></span> <span class='ocrx_word' id='word_1_511' title='bbox 1643 4892 1766 4947; x_wconf 89' lang='lat' dir='ltr'><strong>ﬁdei</strong></span> 
     </span>
     <span class='ocr_line' id='line_1_68' title="bbox 210 4964 1763 5017; baseline 0 0"><span class='ocrx_word' id='word_1_512' title='bbox 210 4966 491 5017; x_wconf 63' lang='lat' dir='ltr'><strong>ﬁrmissime</strong></span> <span class='ocrx_word' id='word_1_513' title='bbox 535 4967 857 5017; x_wconf 74' lang='lat' dir='ltr'><strong>nertiiientia</strong></span> <span class='ocrx_word' id='word_1_514' title='bbox 897 4964 1123 5017; x_wconf 89' lang='lat' dir='ltr'><strong>lideliter</strong></span> <span class='ocrx_word' id='word_1_515' title='bbox 1163 4978 1250 5016; x_wconf 82' lang='lat' dir='ltr'><strong>cre</strong></span> <span class='ocrx_word' id='word_1_516' title='bbox 1292 4978 1340 5017; x_wconf 86' lang='lat' dir='ltr'><strong>e.</strong></span> <span class='ocrx_word' id='word_1_517' title='bbox 1374 4965 1579 5015; x_wconf 83' lang='lat' dir='ltr'><strong>lortttcr</strong></span> <span class='ocrx_word' id='word_1_518' title='bbox 1611 4970 1763 5017; x_wconf 89' lang='lat' dir='ltr'><strong>tene.</strong></span> 
     </span>
    </p>
   </div>
   <div class='ocr_carea' id='block_1_68' title="bbox 210 4962 1763 5040">
    <p class='ocr_par' dir='ltr' id='par_1_68' title="bbox 210 4962 1763 5040">
     <span class='ocr_line' id='line_1_69' title="bbox 210 4962 1763 5040; baseline -0.003 -19"><span class='ocrx_word' id='word_1_519' title='bbox 210 4962 491 5026; x_wconf 78' lang='lat' dir='ltr'><strong>ﬁrmissime</strong></span> <span class='ocrx_word' id='word_1_520' title='bbox 535 4962 857 5040; x_wconf 76' lang='lat' dir='ltr'><strong>pertinentia</strong></span> <span class='ocrx_word' id='word_1_521' title='bbox 882 4962 1123 5040; x_wconf 72' lang='lat' dir='ltr'><strong>ﬁdeliter</strong></span> <span class='ocrx_word' id='word_1_522' title='bbox 1146 4962 1340 5040; x_wconf 59' lang='lat' dir='ltr'><strong>pede,</strong></span> <span class='ocrx_word' id='word_1_523' title='bbox 1374 4962 1579 5015; x_wconf 76' lang='lat' dir='ltr'><strong>fortiter</strong></span> <span class='ocrx_word' id='word_1_524' title='bbox 1611 4970 1763 5040; x_wconf 82' lang='lat' dir='ltr'><strong>tene,</strong></span> 
     </span>
    </p>
   </div>
   <div class='ocr_carea' id='block_1_69' title="bbox 206 5032 1764 5111">
    <p class='ocr_par' dir='ltr' id='par_1_69' title="bbox 206 5032 1764 5111">
     <span class='ocr_line' id='line_1_70' title="bbox 206 5032 1764 5111; baseline -0.004 -18"><span class='ocrx_word' id='word_1_525' title='bbox 206 5043 447 5111; x_wconf 64' lang='lat' dir='ltr'><strong>veraciter</strong></span> <span class='ocrx_word' id='word_1_526' title='bbox 472 5032 839 5111; x_wconf 72' lang='lat' dir='ltr'><strong>paiienterque</strong></span> <span class='ocrx_word' id='word_1_527' title='bbox 867 5034 1113 5111; x_wconf 66' lang='lat' dir='ltr'><strong>defende.</strong></span> <span class='ocrx_word' id='word_1_528' title='bbox 1146 5032 1210 5087; x_wconf 88' lang='lat' dir='ltr'><strong>Et</strong></span> <span class='ocrx_word' id='word_1_529' title='bbox 1243 5034 1286 5086; x_wconf 91' lang='lat' dir='ltr'><strong>si</strong></span> <span class='ocrx_word' id='word_1_530' title='bbox 1315 5048 1474 5102; x_wconf 87' lang='lat' dir='ltr'><strong>quem</strong></span> <span class='ocrx_word' id='word_1_531' title='bbox 1501 5034 1764 5111; x_wconf 73' lang='lat' dir='ltr'><strong>contraria</strong></span> 
     </span>
    </p>
   </div>
   <div class='ocr_carea' id='block_1_70' title="bbox 203 5104 1769 5183">
    <p class='ocr_par' dir='ltr' id='par_1_70' title="bbox 203 5104 1769 5183">
     <span class='ocr_line' id='line_1_71' title="bbox 203 5104 1769 5183; baseline -0.002 -23"><span class='ocrx_word' id='word_1_532' title='bbox 203 5104 279 5163; x_wconf 86' lang='lat' dir='ltr'><strong>his</strong></span> <span class='ocrx_word' id='word_1_533' title='bbox 302 5104 653 5183; x_wconf 74' lang='lat' dir='ltr'><strong>dogmatizare</strong></span> <span class='ocrx_word' id='word_1_534' title='bbox 672 5104 1512 5183; x_wconf 74' lang='lat' dir='ltr'><strong>cognoveris,_tanquampestem</strong></span> <span class='ocrx_word' id='word_1_535' title='bbox 1543 5104 1681 5173; x_wconf 82' lang='lat' dir='ltr'><strong>iuge,</strong></span> <span class='ocrx_word' id='word_1_536' title='bbox 1714 5111 1769 5183; x_wconf 78' lang='lat' dir='ltr'><strong>et</strong></span> 
     </span>
    </p>
   </div>
   <div class='ocr_carea' id='block_1_71' title="bbox 199 5174 1771 5253">
    <p class='ocr_par' dir='ltr' id='par_1_71' title="bbox 199 5174 1771 5253">
     <span class='ocr_line' id='line_1_72' title="bbox 199 5174 1771 5253; baseline -0.007 -15"><span class='ocrx_word' id='word_1_537' title='bbox 199 5174 437 5253; x_wconf 68' lang='lat' dir='ltr'><strong>tanquan</strong></span> <span class='ocrx_word' id='word_1_538' title='bbox 463 5174 771 5253; x_wconf 72' lang='lat' dir='ltr'><strong>hmreticum</strong></span> <span class='ocrx_word' id='word_1_539' title='bbox 797 5178 984 5247; x_wconf 84' lang='lat' dir='ltr'><strong>abjicc.</strong></span> <span class='ocrx_word' id='word_1_540' title='bbox 1016 5176 1089 5229; x_wconf 83' lang='lat' dir='ltr'><strong>lta</strong></span> <span class='ocrx_word' id='word_1_541' title='bbox 1124 5174 1400 5253; x_wconf 39' lang='lat' dir='ltr'><strong>enim-ista.</strong></span> <span class='ocrx_word' id='word_1_542' title='bbox 1440 5189 1558 5243; x_wconf 78' lang='lat' dir='ltr'><strong>qua:</strong></span> <span class='ocrx_word' id='word_1_543' title='bbox 1588 5174 1771 5253; x_wconf 56' lang='lat' dir='ltr'><strong>posuii</strong></span> 
     </span>
    </p>
   </div>
   <div class='ocr_carea' id='block_1_72' title="bbox 192 5244 1766 5317">
    <p class='ocr_par' dir='ltr' id='par_1_72' title="bbox 192 5244 1766 5317">
     <span class='ocr_line' id='line_1_73' title="bbox 192 5244 1766 5317; baseline -0.003 -13"><span class='ocrx_word' id='word_1_544' title='bbox 192 5244 310 5309; x_wconf 68' lang='lat' dir='ltr'><strong>mus</strong></span> <span class='ocrx_word' id='word_1_545' title='bbox 346 5253 468 5308; x_wconf 82' lang='lat' dir='ltr'><strong>fidei</strong></span> <span class='ocrx_word' id='word_1_546' title='bbox 494 5250 772 5307; x_wconf 80' lang='lat' dir='ltr'><strong>catholica:</strong></span> <span class='ocrx_word' id='word_1_547' title='bbox 802 5244 1128 5317; x_wconf 81' lang='lat' dir='ltr'><strong>congruunt,</strong></span> <span class='ocrx_word' id='word_1_548' title='bbox 1157 5253 1218 5299; x_wconf 89' lang='lat' dir='ltr'><strong>ut</strong></span> <span class='ocrx_word' id='word_1_549' title='bbox 1242 5245 1285 5317; x_wconf 88' lang='lat' dir='ltr'><strong>si</strong></span> <span class='ocrx_word' id='word_1_550' title='bbox 1317 5244 1432 5313; x_wconf 89' lang='lat' dir='ltr'><strong>quis</strong></span> <span class='ocrx_word' id='word_1_551' title='bbox 1462 5258 1565 5317; x_wconf 76' lang='lat' dir='ltr'><strong>neu</strong></span> <span class='ocrx_word' id='word_1_552' title='bbox 1597 5246 1766 5317; x_wconf 79' lang='lat' dir='ltr'><strong>solum</strong></span> 
     </span>
    </p>
   </div>
   <div class='ocr_carea' id='block_1_73' title="bbox 189 5314 1768 5389">
    <p class='ocr_par' dir='ltr' id='par_1_73' title="bbox 189 5314 1768 5389">
     <span class='ocr_line' id='line_1_74' title="bbox 189 5314 1768 5389; baseline -0.004 -12"><span class='ocrx_word' id='word_1_553' title='bbox 189 5326 459 5389; x_wconf 78' lang='lat' dir='ltr'><strong>erunibus,</strong></span> <span class='ocrx_word' id='word_1_554' title='bbox 491 5324 586 5377; x_wconf 88' lang='lat' dir='ltr'><strong>sed</strong></span> <span class='ocrx_word' id='word_1_555' title='bbox 613 5321 774 5376; x_wconf 91' lang='lat' dir='ltr'><strong>etiam</strong></span> <span class='ocrx_word' id='word_1_556' title='bbox 804 5314 1023 5388; x_wconf 76' lang='lat' dir='ltr'><strong>singulis</strong></span> <span class='ocrx_word' id='word_1_557' title='bbox 1052 5316 1279 5389; x_wconf 86' lang='lat' dir='ltr'><strong>voluerit</strong></span> <span class='ocrx_word' id='word_1_558' title='bbox 1304 5315 1591 5379; x_wconf 88' lang='lat' dir='ltr'><strong>contraire,</strong></span> <span class='ocrx_word' id='word_1_559' title='bbox 1624 5314 1768 5389; x_wconf 90' lang='lat' dir='ltr'><strong>in_co</strong></span> 
     </span>
    </p>
   </div>
   <div class='ocr_carea' id='block_1_74' title="bbox 181 5385 1769 5465">
    <p class='ocr_par' dir='ltr' id='par_1_74' title="bbox 181 5385 1769 5465">
     <span class='ocr_line' id='line_1_75' title="bbox 181 5385 1769 5465; baseline -0.004 -17"><span class='ocrx_word' id='word_1_560' title='bbox 181 5397 325 5465; x_wconf 85' lang='lat' dir='ltr'><strong>quod</strong></span> <span class='ocrx_word' id='word_1_561' title='bbox 372 5385 593 5464; x_wconf 77' lang='lat' dir='ltr'><strong>singulis</strong></span> <span class='ocrx_word' id='word_1_562' title='bbox 637 5385 1769 5465; x_wconf 43' lang='lat' dir='ltr'><strong>horumcontumaciter-repugnat,_et.his</strong></span> 
     </span>
    </p>
   </div>
   <div class='ocr_carea' id='block_1_75' title="bbox 179 5454 1769 5523">
    <p class='ocr_par' dir='ltr' id='par_1_75' title="bbox 179 5454 1769 5523">
     <span class='ocr_line' id='line_1_76' title="bbox 179 5454 1769 5523; baseline -0.009 0"><span class='ocrx_word' id='word_1_563' title='bbox 179 5454 675 5522; x_wconf 55' lang='lat' dir='ltr'><strong>éontraria&#39;doeere</strong></span> <span class='ocrx_word' id='word_1_564' title='bbox 696 5476 803 5515; x_wconf 91' lang='lat' dir='ltr'><strong>non</strong></span> <span class='ocrx_word' id='word_1_565' title='bbox 832 5459 1056 5523; x_wconf 87' lang='lat' dir='ltr'><strong>dubitat,</strong></span> <span class='ocrx_word' id='word_1_566' title='bbox 1087 5454 1368 5512; x_wconf 64' lang='lat' dir='ltr'><strong>hmreticus</strong></span> <span class='ocrx_word' id='word_1_567' title='bbox 1396 5465 1448 5511; x_wconf 91' lang='lat' dir='ltr'><strong>et</strong></span> <span class='ocrx_word' id='word_1_568' title='bbox 1475 5455 1596 5510; x_wconf 90' lang='lat' dir='ltr'><strong>ﬁdei</strong></span> <span class='ocrx_word' id='word_1_569' title='bbox 1624 5454 1769 5511; x_wconf 75' lang='lat' dir='ltr'><strong>chri—</strong></span> 
     </span>
    </p>
   </div>
   <div class='ocr_carea' id='block_1_76' title="bbox 242 5566 1768 5633">
    <p class='ocr_par' dir='ltr' id='par_1_76' title="bbox 242 5566 1768 5633">
     <span class='ocr_line' id='line_1_77' title="bbox 242 5566 1768 5633; baseline -0.006 -4"><span class='ocrx_word' id='word_1_570' title='bbox 242 5584 260 5615; x_wconf 80' lang='grc' dir='ltr'><strong>ι</strong></span> <span class='ocrx_word' id='word_1_571' title='bbox 299 5580 369 5629; x_wconf 70' lang='grc' dir='ltr'><strong>ΑΛ</strong></span> <span class='ocrx_word' id='word_1_572' title='bbox 406 5590 545 5628; x_wconf 80' lang='lat' dir='ltr'><strong>oram</strong></span> <span class='ocrx_word' id='word_1_573' title='bbox 585 5573 674 5625; x_wconf 86' lang='lat' dir='ltr'><strong>lib.</strong></span> <span class='ocrx_word' id='word_1_574' title='bbox 710 5573 848 5623; x_wconf 85' lang='lat' dir='ltr'><strong>Corb.</strong></span> <span class='ocrx_word' id='word_1_575' title='bbox 874 5572 1063 5623; x_wconf 85' lang='lat' dir='ltr'><strong>additur</strong></span> <span class='ocrx_word' id='word_1_576' title='bbox 1094 5578 1212 5631; x_wconf 81' lang='lat' dir='ltr'><strong>Ms.,</strong></span> <span class='ocrx_word' id='word_1_577' title='bbox 1253 5566 1477 5633; x_wconf 84' lang='lat' dir='ltr'><strong>jejuniis,</strong></span> <span class='ocrx_word' id='word_1_578' title='bbox 1521 5566 1768 5632; x_wconf 86' lang='lat' dir='ltr'><strong>oratione,</strong></span> 
     </span>
    </p>
   </div>
   <div class='ocr_carea' id='block_1_77' title="bbox 189 5640 523 5704">
    <p class='ocr_par' dir='ltr' id='par_1_77' title="bbox 189 5640 523 5704">
     <span class='ocr_line' id='line_1_78' title="bbox 189 5640 523 5704; baseline 0.021 -6"><span class='ocrx_word' id='word_1_579' title='bbox 189 5640 523 5704; x_wconf 61' lang='grc' dir='ltr'><strong>εειιοανπόεο</strong></span> 
     </span>
    </p>
   </div>
   <div class='ocr_carea' id='block_1_78' title="bbox 239 5694 1185 5757">
    <p class='ocr_par' dir='ltr' id='par_1_78' title="bbox 239 5694 1185 5757">
     <span class='ocr_line' id='line_1_79' title="bbox 239 5694 1185 5757; baseline -0.011 -2"><span class='ocrx_word' id='word_1_580' title='bbox 239 5711 261 5739; x_wconf 83' lang='grc'>²</span> <span class='ocrx_word' id='word_1_581' title='bbox 297 5694 500 5754; x_wconf 68' lang='grc' dir='ltr'><strong>Ξκίιεδ.</strong></span> <span class='ocrx_word' id='word_1_582' title='bbox 524 5708 583 5748; x_wconf 79' lang='lat' dir='ltr'><strong>At</strong></span> <span class='ocrx_word' id='word_1_583' title='bbox 605 5698 743 5757; x_wconf 85' lang='lat' dir='ltr'><strong>editi,</strong></span> <span class='ocrx_word' id='word_1_584' title='bbox 764 5709 860 5747; x_wconf 79' lang='lat' dir='ltr'><strong>non</strong></span> <span class='ocrx_word' id='word_1_585' title='bbox 881 5696 1053 5757; x_wconf 82' lang='lat' dir='ltr'><strong>debere</strong></span> 
     </span>
    </p>
   </div>
   <div class='ocr_carea' id='block_1_79' title="bbox 238 5756 1596 5819">
    <p class='ocr_par' dir='ltr' id='par_1_79' title="bbox 238 5756 1596 5819">
     <span class='ocr_line' id='line_1_80' title="bbox 238 5756 1596 5819; baseline -0.007 -4"><span class='ocrx_word' id='word_1_586' title='bbox 238 5770 261 5803; x_wconf 77' lang='grc' dir='ltr'><strong>ι</strong></span> <span class='ocrx_word' id='word_1_587' title='bbox 293 5772 371 5818; x_wconf 79' lang='lat' dir='ltr'><strong>sic</strong></span> <span class='ocrx_word' id='word_1_588' title='bbox 393 5772 477 5813; x_wconf 76' lang='lat' dir='ltr'><strong>Its.</strong></span> <span class='ocrx_word' id='word_1_589' title='bbox 498 5761 638 5811; x_wconf 64' lang='lat' dir='ltr'><strong>arb.</strong></span> <span class='ocrx_word' id='word_1_590' title='bbox 662 5756 873 5819; x_wconf 60' lang='grc' dir='ltr'><strong>Αιιρονη</strong></span> <span class='ocrx_word' id='word_1_591' title='bbox 895 5756 1105 5810; x_wconf 77' lang='lat' dir='ltr'><strong>triticum</strong></span> <span class='ocrx_word' id='word_1_592' title='bbox 1126 5758 1177 5810; x_wconf 89' lang='lat' dir='ltr'><strong>in</strong></span> <span class='ocrx_word' id='word_1_593' title='bbox 1198 5757 1422 5809; x_wconf 79' lang='lat' dir='ltr'><strong>horreant</strong></span> <span class='ocrx_word' id='word_1_594' title='bbox 1443 5768 1596 5808; x_wconf 86' lang='lat' dir='ltr'><strong>suum.</strong></span> 
     </span>
    </p>
   </div>
   <div class='ocr_carea' id='block_1_80' title="bbox 425 5842 1102 5911">
    <p class='ocr_par' dir='ltr' id='par_1_80' title="bbox 425 5842 1102 5911">
     <span class='ocr_line' id='line_1_81' title="bbox 425 5842 1102 5911; baseline -0.015 0"><span class='ocrx_word' id='word_1_595' title='bbox 425 5847 655 5911; x_wconf 72' lang='lat' dir='ltr'><strong>Sutor.</strong></span> <span class='ocrx_word' id='word_1_596' title='bbox 692 5845 969 5906; x_wconf 72' lang='lat' dir='ltr'><strong>Auuusr.</strong></span> <span class='ocrx_word' id='word_1_597' title='bbox 1001 5842 1102 5903; x_wconf 85' lang='lat' dir='ltr'><strong>VI.</strong></span> 
     </span>
    </p>
   </div>
   <div class='ocr_carea' id='block_1_81' title="bbox 1335 251 2323 317">
    <p class='ocr_par' dir='ltr' id='par_1_81' title="bbox 1335 251 2323 317">
     <span class='ocr_line' id='line_1_82' title="bbox 1335 251 2323 317; baseline 0.005 -6"><span class='ocrx_word' id='word_1_598' title='bbox 1335 253 1537 312; x_wconf 81' lang='lat' dir='ltr'><strong>LIBER</strong></span> <span class='ocrx_word' id='word_1_599' title='bbox 1576 253 1663 308; x_wconf 87' lang='lat' dir='ltr'><strong>DE</strong></span> <span class='ocrx_word' id='word_1_600' title='bbox 1701 251 1855 308; x_wconf 78' lang='lat' dir='ltr'><strong>FIDE</strong></span> <span class='ocrx_word' id='word_1_601' title='bbox 1894 253 1983 309; x_wconf 84' lang='lat' dir='ltr'><strong>AD</strong></span> <span class='ocrx_word' id='word_1_602' title='bbox 2022 255 2323 317; x_wconf 79' lang='lat' dir='ltr'><strong>PETRUM.</strong></span> 
     </span>
    </p>
   </div>
   <div class='ocr_carea' id='block_1_82' title="bbox 3378 274 3479 336">
    <p class='ocr_par' dir='ltr' id='par_1_82' title="bbox 3378 274 3479 336">
     <span class='ocr_line' id='line_1_83' title="bbox 3378 274 3479 336; baseline 0.02 -2"><span class='ocrx_word' id='word_1_603' title='bbox 3378 274 3479 336; x_wconf 81' lang='lat'><strong>778</strong></span> 
     </span>
    </p>
   </div>
   <div class='ocr_carea' id='block_1_83' title="bbox 1897 373 3479 448">
    <p class='ocr_par' dir='ltr' id='par_1_83' title="bbox 1897 373 3479 448">
     <span class='ocr_line' id='line_1_84' title="bbox 1897 373 3479 448; baseline 0.012 -20"><span class='ocrx_word' id='word_1_604' title='bbox 1897 373 2082 448; x_wconf 66' lang='lat' dir='ltr'><strong>stiante</strong></span> <span class='ocrx_word' id='word_1_605' title='bbox 2129 374 2409 448; x_wconf 88' lang='lat' dir='ltr'><strong>inimicus,</strong></span> <span class='ocrx_word' id='word_1_606' title='bbox 2449 384 2606 447; x_wconf 89' lang='lat' dir='ltr'><strong>atque</strong></span> <span class='ocrx_word' id='word_1_607' title='bbox 2653 393 2718 435; x_wconf 80' lang='lat' dir='ltr'><strong>ex</strong></span> <span class='ocrx_word' id='word_1_608' title='bbox 2760 379 2860 437; x_wconf 91' lang='lat' dir='ltr'><strong>hoc</strong></span> <span class='ocrx_word' id='word_1_609' title='bbox 2901 383 3146 442; x_wconf 87' lang='lat' dir='ltr'><strong>omnibus</strong></span> <span class='ocrx_word' id='word_1_610' title='bbox 3188 384 3479 448; x_wconf 89' lang='lat' dir='ltr'><strong>Catholicis</strong></span> 
     </span>
    </p>
   </div>
   <div class='ocr_carea' id='block_1_84' title="bbox 1896 446 3470 530">
    <p class='ocr_par' dir='ltr' id='par_1_84' title="bbox 1896 446 3470 530">
     <span class='ocr_line' id='line_1_85' title="bbox 1896 446 3470 530; baseline 0.013 -32"><span class='ocrx_word' id='word_1_611' title='bbox 1896 446 2328 530; x_wconf 63' lang='lat' dir='ltr'><strong>anathemandus</strong></span> <span class='ocrx_word' id='word_1_612' title='bbox 2345 448 2362 478; x_wconf 74' lang='grc' dir='ltr'>ί</span> <span class='ocrx_word' id='word_1_613' title='bbox 2391 446 2661 530; x_wconf 65' lang='lat' dir='ltr'><strong>appareat.</strong></span> <span class='ocrx_word' id='word_1_614' title='bbox 2691 451 2942 530; x_wconf 79' lang='lat' dir='ltr'><strong>Quamvis</strong></span> <span class='ocrx_word' id='word_1_615' title='bbox 2969 456 3127 530; x_wconf 79' lang='lat' dir='ltr'><strong>igitur</strong></span> <span class='ocrx_word' id='word_1_616' title='bbox 3152 468 3205 513; x_wconf 91' lang='lat' dir='ltr'><strong>et</strong></span> <span class='ocrx_word' id='word_1_617' title='bbox 3229 446 3470 530; x_wconf 80' lang='lat' dir='ltr'><strong>angustia</strong></span> 
     </span>
    </p>
   </div>
   <div class='ocr_carea' id='block_1_85' title="bbox 1898 518 3475 596">
    <p class='ocr_par' dir='ltr' id='par_1_85' title="bbox 1898 518 3475 596">
     <span class='ocr_line' id='line_1_86' title="bbox 1898 518 3475 596; baseline 0.013 -27"><span class='ocrx_word' id='word_1_618' title='bbox 1898 518 2177 585; x_wconf 88' lang='lat' dir='ltr'><strong>temporis,</strong></span> <span class='ocrx_word' id='word_1_619' title='bbox 2220 527 2273 573; x_wconf 92' lang='lat' dir='ltr'><strong>et</strong></span> <span class='ocrx_word' id='word_1_620' title='bbox 2304 518 2571 596; x_wconf 79' lang='lat' dir='ltr'><strong>festinatio</strong></span> <span class='ocrx_word' id='word_1_621' title='bbox 2605 518 2871 596; x_wconf 85' lang='lat' dir='ltr'><strong>portitoris</strong></span> <span class='ocrx_word' id='word_1_622' title='bbox 2909 518 3223 596; x_wconf 80' lang='lat' dir='ltr'><strong>compulerit</strong></span> <span class='ocrx_word' id='word_1_623' title='bbox 3253 518 3350 586; x_wconf 75' lang='grc' dir='ltr'><strong>ιιόε</strong></span> <span class='ocrx_word' id='word_1_624' title='bbox 3373 534 3475 589; x_wconf 83' lang='lat' dir='ltr'><strong>ali-</strong></span> 
     </span>
    </p>
   </div>
   <div class='ocr_carea' id='block_1_86' title="bbox 1894 537 3473 674">
    <p class='ocr_par' dir='ltr' id='par_1_86' title="bbox 1894 537 3473 674">
     <span class='ocr_line' id='line_1_87' title="bbox 1899 537 3473 644; baseline 0.013 -76"><span class='ocrx_word' id='word_1_625' title='bbox 1899 537 2177 585; x_wconf 77' lang='lat' dir='ltr'><strong>temporis,</strong></span> <span class='ocrx_word' id='word_1_626' title='bbox 2220 537 2273 573; x_wconf 79' lang='lat' dir='ltr'><strong>Cl.</strong></span> <span class='ocrx_word' id='word_1_627' title='bbox 2304 537 2571 573; x_wconf 83' lang='lat' dir='ltr'><strong>iesunauo</strong></span> <span class='ocrx_word' id='word_1_628' title='bbox 2605 537 2871 644; x_wconf 63' lang='lat' dir='ltr'><strong>portitoris</strong></span> <span class='ocrx_word' id='word_1_629' title='bbox 2909 537 3223 596; x_wconf 87' lang='lat' dir='ltr'><strong>compulerit</strong></span> <span class='ocrx_word' id='word_1_630' title='bbox 3253 548 3350 586; x_wconf 88' lang='lat' dir='ltr'><strong>nos</strong></span> <span class='ocrx_word' id='word_1_631' title='bbox 3373 537 3473 589; x_wconf 87' lang='lat' dir='ltr'><strong>ali-</strong></span> 
     </span>
     <span class='ocr_line' id='line_1_88' title="bbox 1894 589 3473 674; baseline 0.013 -36"><span class='ocrx_word' id='word_1_632' title='bbox 1894 601 2026 674; x_wconf 75' lang='lat' dir='ltr'><strong>qua,</strong></span> <span class='ocrx_word' id='word_1_633' title='bbox 2056 604 2186 674; x_wconf 53' lang='lat' dir='ltr'><strong>‘qum</strong></span> <span class='ocrx_word' id='word_1_634' title='bbox 2217 604 2311 657; x_wconf 91' lang='lat' dir='ltr'><strong>pro</strong></span> <span class='ocrx_word' id='word_1_635' title='bbox 2338 589 2579 674; x_wconf 75' lang='lat' dir='ltr'><strong>diversis</strong></span> <span class='ocrx_word' id='word_1_636' title='bbox 2616 594 3289 674; x_wconf 49' lang='lat' dir='ltr'><strong>‘iasresibusagnoscendis</strong></span> <span class='ocrx_word' id='word_1_637' title='bbox 3314 611 3473 674; x_wconf 87' lang='lat' dir='ltr'><strong>atque</strong></span> 
     </span>
    </p>
   </div>
   <div class='ocr_carea' id='block_1_87' title="bbox 1893 657 3472 737">
    <p class='ocr_par' dir='ltr' id='par_1_87' title="bbox 1893 657 3472 737">
     <span class='ocr_line' id='line_1_89' title="bbox 1893 657 3472 737; baseline 0.012 -27"><span class='ocrx_word' id='word_1_638' title='bbox 1893 657 2121 737; x_wconf 81' lang='lat' dir='ltr'><strong>vitandis</strong></span> <span class='ocrx_word' id='word_1_639' title='bbox 2148 658 2356 737; x_wconf 81' lang='lat' dir='ltr'><strong>fuerant</strong></span> <span class='ocrx_word' id='word_1_640' title='bbox 2386 660 2687 737; x_wconf 80' lang='lat' dir='ltr'><strong>inserenda,</strong></span> <span class='ocrx_word' id='word_1_641' title='bbox 2716 657 3000 736; x_wconf 68' lang='lat' dir='ltr'><strong>praeterire</strong></span> <span class='ocrx_word' id='word_1_642' title='bbox 3020 670 3261 737; x_wconf 88' lang='lat' dir='ltr'><strong>silentio;</strong></span> <span class='ocrx_word' id='word_1_643' title='bbox 3296 657 3472 729; x_wconf 72' lang='lat' dir='ltr'><strong>tanien</strong></span> 
     </span>
    </p>
   </div>
   <div class='ocr_carea' id='block_1_88' title="bbox 1892 728 3465 811">
    <p class='ocr_par' dir='ltr' id='par_1_88' title="bbox 1892 728 3465 811">
     <span class='ocr_line' id='line_1_90' title="bbox 1892 728 3465 811; baseline 0.011 -30"><span class='ocrx_word' id='word_1_644' title='bbox 1892 728 1940 811; x_wconf 84' lang='lat' dir='ltr'><strong>si</strong></span> <span class='ocrx_word' id='word_1_645' title='bbox 1964 730 2283 811; x_wconf 61' lang='lat' dir='ltr'><strong>omniaquae</strong></span> <span class='ocrx_word' id='word_1_646' title='bbox 2310 731 2361 784; x_wconf 90' lang='lat' dir='ltr'><strong>in</strong></span> <span class='ocrx_word' id='word_1_647' title='bbox 2394 730 2495 786; x_wconf 88' lang='lat' dir='ltr'><strong>hoc</strong></span> <span class='ocrx_word' id='word_1_648' title='bbox 2520 728 2775 811; x_wconf 75' lang='lat' dir='ltr'><strong>opusculo</strong></span> <span class='ocrx_word' id='word_1_649' title='bbox 2803 737 3143 811; x_wconf 76' lang='lat' dir='ltr'><strong>continentur</strong></span> <span class='ocrx_word' id='word_1_650' title='bbox 3169 728 3465 811; x_wconf 77' lang='lat' dir='ltr'><strong>recensere,</strong></span> 
     </span>
    </p>
   </div>
   <div class='ocr_carea' id='block_1_89' title="bbox 1892 800 3469 884">
    <p class='ocr_par' dir='ltr' id='par_1_89' title="bbox 1892 800 3469 884">
     <span class='ocr_line' id='line_1_91' title="bbox 1892 800 3469 884; baseline 0.013 -33"><span class='ocrx_word' id='word_1_651' title='bbox 1892 807 1948 884; x_wconf 77' lang='lat' dir='ltr'><strong>et</strong></span> <span class='ocrx_word' id='word_1_652' title='bbox 1976 800 2498 884; x_wconf 62' lang='lat' dir='ltr'><strong>notissiinaprorsus</strong></span> <span class='ocrx_word' id='word_1_653' title='bbox 2524 800 2721 884; x_wconf 78' lang='lat' dir='ltr'><strong>habere</strong></span> <span class='ocrx_word' id='word_1_654' title='bbox 2749 820 2855 884; x_wconf 83' lang='lat' dir='ltr'><strong>non</strong></span> <span class='ocrx_word' id='word_1_655' title='bbox 2881 808 3131 884; x_wconf 81' lang='lat' dir='ltr'><strong>negligas,</strong></span> <span class='ocrx_word' id='word_1_656' title='bbox 3163 828 3229 867; x_wconf 83' lang='lat' dir='ltr'><strong>ex</strong></span> <span class='ocrx_word' id='word_1_657' title='bbox 3260 814 3339 869; x_wconf 89' lang='lat' dir='ltr'><strong>his</strong></span> <span class='ocrx_word' id='word_1_658' title='bbox 3371 800 3469 884; x_wconf 54' lang='lat' dir='ltr'><strong>po:</strong></span> 
     </span>
    </p>
   </div>
   <div class='ocr_carea' id='block_1_90' title="bbox 1894 870 3470 957">
    <p class='ocr_par' dir='ltr' id='par_1_90' title="bbox 1894 870 3470 957">
     <span class='ocr_line' id='line_1_92' title="bbox 1894 870 3470 957; baseline 0.012 -35"><span class='ocrx_word' id='word_1_659' title='bbox 1894 870 2018 957; x_wconf 67' lang='lat' dir='ltr'><strong>teris</strong></span> <span class='ocrx_word' id='word_1_660' title='bbox 2043 880 2197 957; x_wconf 80' lang='lat' dir='ltr'><strong>cauta</strong></span> <span class='ocrx_word' id='word_1_661' title='bbox 2218 870 2721 957; x_wconf 32' lang='lat' dir='ltr'><strong>discretioneoetiam</strong></span> <span class='ocrx_word' id='word_1_662' title='bbox 2742 876 2809 957; x_wconf 81' lang='lat' dir='ltr'><strong>de</strong></span> <span class='ocrx_word' id='word_1_663' title='bbox 2832 870 3050 957; x_wconf 60' lang='lat' dir='ltr'><strong>caetéris</strong></span> <span class='ocrx_word' id='word_1_664' title='bbox 3064 870 3470 957; x_wconf 58' lang='lat' dir='ltr'><strong>specialiter&#39;jn-</strong></span> 
     </span>
    </p>
   </div>
   <div class='ocr_carea' id='block_1_91' title="bbox 1890 939 3469 1024">
    <p class='ocr_par' dir='ltr' id='par_1_91' title="bbox 1890 939 3469 1024">
     <span class='ocr_line' id='line_1_93' title="bbox 1890 939 3469 1024; baseline 0.009 -29"><span class='ocrx_word' id='word_1_665' title='bbox 1890 939 2609 1024; x_wconf 30' lang='lat' dir='ltr'><strong>dicerehépostolus“‘enim</strong></span> <span class='ocrx_word' id='word_1_666' title='bbox 2657 945 2785 1024; x_wconf 80' lang='lat' dir='ltr'><strong>dicit</strong></span> <span class='ocrx_word' id='word_1_667' title='bbox 2812 947 2934 1016; x_wconf 88' lang='lat' dir='ltr'><strong>quia</strong></span> <span class='ocrx_word' id='word_1_668' title='bbox 2970 939 3246 1024; x_wconf 68' lang='lat' dir='ltr'><strong>spiritualis</strong></span> <span class='ocrx_word' id='word_1_669' title='bbox 3265 939 3469 1024; x_wconf 53' lang='lat' dir='ltr'><strong>judicat</strong></span> 
     </span>
    </p>
   </div>
   <div class='ocr_carea' id='block_1_92' title="bbox 1890 1010 3466 1094">
    <p class='ocr_par' dir='ltr' id='par_1_92' title="bbox 1890 1010 3466 1094">
     <span class='ocr_line' id='line_1_94' title="bbox 1890 1010 3466 1094; baseline 0.01 -30"><span class='ocrx_word' id='word_1_670' title='bbox 1890 1013 2060 1066; x_wconf 87' lang='lat' dir='ltr'><strong>omnia</strong></span> <span class='ocrx_word' id='word_1_671' title='bbox 2082 1010 2127 1094; x_wconf 79' lang='grc' dir='ltr'><strong>(Ι</strong></span> <span class='ocrx_word' id='word_1_672' title='bbox 2146 1010 2261 1094; x_wconf 77' lang='lat' dir='ltr'><strong>Cor.</strong></span> <span class='ocrx_word' id='word_1_673' title='bbox 2289 1030 2344 1080; x_wconf 92' lang='grc' dir='ltr'><strong>ιι,</strong></span> <span class='ocrx_word' id='word_1_674' title='bbox 2374 1014 2465 1085; x_wconf 84' lang='grc'><strong>15)</strong></span> <span class='ocrx_word' id='word_1_675' title='bbox 2491 1032 2503 1068; x_wconf 80' lang='lat' dir='ltr'>z</span> <span class='ocrx_word' id='word_1_676' title='bbox 2527 1031 2632 1084; x_wconf 87' lang='lat' dir='ltr'><strong>quo</strong></span> <span class='ocrx_word' id='word_1_677' title='bbox 2656 1010 3205 1094; x_wconf 43' lang='lat' dir='ltr'><strong>donec-unusquisque</strong></span> <span class='ocrx_word' id='word_1_678' title='bbox 3227 1010 3466 1081; x_wconf 75' lang='lat' dir='ltr'><strong>nostrum</strong></span> 
     </span>
    </p>
   </div>
   <div class='ocr_carea' id='block_1_93' title="bbox 1892 1087 3468 1159">
    <p class='ocr_par' dir='ltr' id='par_1_93' title="bbox 1892 1087 3468 1159">
     <span class='ocr_line' id='line_1_95' title="bbox 1892 1087 3468 1159; baseline 0.008 -23"><span class='ocrx_word' id='word_1_679' title='bbox 1892 1087 2190 1159; x_wconf 83' lang='lat' dir='ltr'><strong>perveniat,</strong></span> <span class='ocrx_word' id='word_1_680' title='bbox 2224 1087 2278 1137; x_wconf 91' lang='lat' dir='ltr'><strong>in</strong></span> <span class='ocrx_word' id='word_1_681' title='bbox 2302 1099 2366 1139; x_wconf 89' lang='lat' dir='ltr'><strong>eo</strong></span> <span class='ocrx_word' id='word_1_682' title='bbox 2393 1100 2497 1159; x_wconf 81' lang='lat' dir='ltr'><strong>quo</strong></span> <span class='ocrx_word' id='word_1_683' title='bbox 2528 1087 2768 1159; x_wconf 75' lang='lat' dir='ltr'><strong>pervenit</strong></span> <span class='ocrx_word' id='word_1_684' title='bbox 2794 1087 3055 1156; x_wconf 80' lang='lat' dir='ltr'><strong>ambulet,</strong></span> <span class='ocrx_word' id='word_1_685' title='bbox 3085 1087 3136 1145; x_wconf 89' lang='lat' dir='ltr'><strong>id</strong></span> <span class='ocrx_word' id='word_1_686' title='bbox 3178 1103 3291 1159; x_wconf 92' lang='lat' dir='ltr'><strong>est,</strong></span> <span class='ocrx_word' id='word_1_687' title='bbox 3324 1095 3378 1149; x_wconf 93' lang='lat' dir='ltr'><strong>in</strong></span> <span class='ocrx_word' id='word_1_688' title='bbox 3402 1115 3468 1151; x_wconf 84' lang='lat' dir='ltr'><strong>cu</strong></span> 
     </span>
    </p>
   </div>
   <div class='ocr_carea' id='block_1_94' title="bbox 1887 1153 3467 1234">
    <p class='ocr_par' dir='ltr' id='par_1_94' title="bbox 1887 1153 3467 1234">
     <span class='ocr_line' id='line_1_96' title="bbox 1887 1153 3467 1234; baseline 0.011 -30"><span class='ocrx_word' id='word_1_689' title='bbox 1887 1153 2027 1234; x_wconf 79' lang='lat' dir='ltr'><strong>quod</strong></span> <span class='ocrx_word' id='word_1_690' title='bbox 2070 1162 2272 1234; x_wconf 79' lang='lat' dir='ltr'><strong>certum</strong></span> <span class='ocrx_word' id='word_1_691' title='bbox 2315 1153 2549 1234; x_wconf 72' lang='lat' dir='ltr'><strong>recepit,</strong></span> <span class='ocrx_word' id='word_1_692' title='bbox 2599 1153 3174 1234; x_wconf 73' lang='lat' dir='ltr'><strong>ﬁdeliterperseveret.</strong></span> <span class='ocrx_word' id='word_1_693' title='bbox 3223 1153 3374 1233; x_wconf 84' lang='lat' dir='ltr'><strong>Quod</strong></span> <span class='ocrx_word' id='word_1_694' title='bbox 3422 1170 3467 1222; x_wconf 88' lang='lat' dir='ltr'><strong>si</strong></span> 
     </span>
    </p>
   </div>
   <div class='ocr_carea' id='block_1_95' title="bbox 1888 1224 3468 1307">
    <p class='ocr_par' dir='ltr' id='par_1_95' title="bbox 1888 1224 3468 1307">
     <span class='ocr_line' id='line_1_97' title="bbox 1888 1224 3468 1307; baseline 0.009 -30"><span class='ocrx_word' id='word_1_695' title='bbox 1888 1224 2013 1307; x_wconf 76' lang='lat' dir='ltr'><strong>quid</strong></span> <span class='ocrx_word' id='word_1_696' title='bbox 2041 1225 2375 1307; x_wconf 45' lang='lat' dir='ltr'><strong>aluei-“sapit,</strong></span> <span class='ocrx_word' id='word_1_697' title='bbox 2406 1224 2513 1307; x_wconf 79' lang='lat' dir='ltr'><strong>hoe</strong></span> <span class='ocrx_word' id='word_1_698' title='bbox 2533 1242 2744 1307; x_wconf 83' lang='lat' dir='ltr'><strong>quoque</strong></span> <span class='ocrx_word' id='word_1_699' title='bbox 2769 1224 3010 1286; x_wconf 40' lang='lat' dir='ltr'><strong>illi—Deus</strong></span> <span class='ocrx_word' id='word_1_700' title='bbox 3030 1224 3285 1291; x_wconf 75' lang='lat' dir='ltr'><strong>revelabit</strong></span> <span class='ocrx_word' id='word_1_701' title='bbox 3315 1236 3468 1307; x_wconf 73' lang='lat' dir='ltr'><strong>(Plii-</strong></span> 
     </span>
    </p>
   </div>
   <div class='ocr_carea' id='block_1_96' title="bbox 1887 1243 2592 1368">
    <p class='ocr_par' dir='ltr' id='par_1_96' title="bbox 1887 1243 2592 1368">
     <span class='ocr_line' id='line_1_98' title="bbox 1888 1243 2592 1295; baseline 0.007 -18"><span class='ocrx_word' id='word_1_702' title='bbox 1888 1243 2013 1291; x_wconf 82' lang='lat' dir='ltr'><strong>quiu</strong></span> <span class='ocrx_word' id='word_1_703' title='bbox 2041 1243 2195 1279; x_wconf 83' lang='lat' dir='ltr'><strong>auter</strong></span> <span class='ocrx_word' id='word_1_704' title='bbox 2220 1243 2375 1295; x_wconf 79' lang='lat' dir='ltr'><strong>sapit,</strong></span> <span class='ocrx_word' id='word_1_705' title='bbox 2406 1243 2506 1282; x_wconf 91' lang='lat' dir='ltr'><strong>noc</strong></span> <span class='ocrx_word' id='word_1_706' title='bbox 2571 1244 2592 1281; x_wconf 78' lang='grc' dir='ltr'><strong>ιι</strong></span> 
     </span>
     <span class='ocr_line' id='line_1_99' title="bbox 1887 1243 2592 1368; baseline 0.009 -23"><span class='ocrx_word' id='word_1_707' title='bbox 1887 1294 2022 1368; x_wconf 68' lang='lat' dir='ltr'><strong>(ipp.</strong></span> <span class='ocrx_word' id='word_1_708' title='bbox 2048 1296 2467 1368; x_wconf 29' lang='lat' dir='ltr'><strong>1_n_,_15)‘._4men</strong></span> <span class='ocrx_word' id='word_1_709' title='bbox 2493 1243 2592 1368; x_wconf 31' lang='lat' dir='ltr'><strong>(ad.</strong></span> 
     </span>
    </p>
   </div>
   <div class='ocr_carea' id='block_1_97' title="bbox 1958 1365 3461 1446">
    <p class='ocr_par' dir='ltr' id='par_1_97' title="bbox 1958 1365 3461 1446">
     <span class='ocr_line' id='line_1_100' title="bbox 1958 1365 3461 1446; baseline 0.01 -27"><span class='ocrx_word' id='word_1_710' title='bbox 1958 1365 2182 1446; x_wconf 75' lang='lat' dir='ltr'><strong>CAPUT</strong></span> <span class='ocrx_word' id='word_1_711' title='bbox 2204 1365 2380 1446; x_wconf 38' lang='lat' dir='ltr'><strong>“XCV.</strong></span> <span class='ocrx_word' id='word_1_712' title='bbox 2433 1365 2765 1446; x_wconf 32' lang='lat' dir='ltr'><strong>l.&#39;Alterius‘</strong></span> <span class='ocrx_word' id='word_1_713' title='bbox 2806 1372 3000 1446; x_wconf 70' lang='lat' dir='ltr'><strong>reguia.</strong></span> <span class='ocrx_word' id='word_1_714' title='bbox 3050 1373 3187 1430; x_wconf 88' lang='lat' dir='ltr'><strong>Vere</strong></span> <span class='ocrx_word' id='word_1_715' title='bbox 3251 1378 3461 1435; x_wconf 85' lang='lat' dir='ltr'><strong>ﬁrmum</strong></span> 
     </span>
    </p>
   </div>
   <div class='ocr_carea' id='block_1_98' title="bbox 1888 1434 3463 1509">
    <p class='ocr_par' dir='ltr' id='par_1_98' title="bbox 1888 1434 3463 1509">
     <span class='ocr_line' id='line_1_101' title="bbox 1888 1434 3463 1509; baseline 0.011 -21"><span class='ocrx_word' id='word_1_716' title='bbox 1888 1434 2011 1491; x_wconf 89' lang='lat' dir='ltr'><strong>ﬁdei</strong></span> <span class='ocrx_word' id='word_1_717' title='bbox 2070 1436 2635 1509; x_wconf 82' lang='lat' dir='ltr'><strong>est_fundamentum,</strong></span> <span class='ocrx_word' id='word_1_718' title='bbox 2693 1434 3048 1509; x_wconf 68' lang='lat' dir='ltr'><strong>principaliter</strong></span> <span class='ocrx_word' id='word_1_719' title='bbox 3090 1446 3309 1503; x_wconf 89' lang='lat' dir='ltr'><strong>credere</strong></span> <span class='ocrx_word' id='word_1_720' title='bbox 3358 1434 3463 1505; x_wconf 52' lang='lat' dir='ltr'><strong>Pa?</strong></span> 
     </span>
    </p>
   </div>
   <div class='ocr_carea' id='block_1_99' title="bbox 1889 1507 3464 1580">
    <p class='ocr_par' dir='ltr' id='par_1_99' title="bbox 1889 1507 3464 1580">
     <span class='ocr_line' id='line_1_102' title="bbox 1889 1507 3464 1580; baseline 0.011 -21"><span class='ocrx_word' id='word_1_721' title='bbox 1889 1513 2022 1560; x_wconf 91' lang='lat' dir='ltr'><strong>trem</strong></span> <span class='ocrx_word' id='word_1_722' title='bbox 2061 1516 2115 1580; x_wconf 84' lang='lat' dir='ltr'><strong>et</strong></span> <span class='ocrx_word' id='word_1_723' title='bbox 2163 1507 2354 1580; x_wconf 76' lang='lat' dir='ltr'><strong>Filium</strong></span> <span class='ocrx_word' id='word_1_724' title='bbox 2403 1519 2457 1564; x_wconf 91' lang='lat' dir='ltr'><strong>et</strong></span> <span class='ocrx_word' id='word_1_725' title='bbox 2510 1507 2762 1579; x_wconf 88' lang='lat' dir='ltr'><strong>Spiritum</strong></span> <span class='ocrx_word' id='word_1_726' title='bbox 2801 1507 3071 1580; x_wconf 87' lang='lat' dir='ltr'><strong>sanctum,</strong></span> <span class='ocrx_word' id='word_1_727' title='bbox 3126 1533 3288 1572; x_wconf 90' lang='lat' dir='ltr'><strong>unum</strong></span> <span class='ocrx_word' id='word_1_728' title='bbox 3343 1537 3464 1576; x_wconf 85' lang='lat' dir='ltr'><strong>esse</strong></span> 
     </span>
    </p>
   </div>
   <div class='ocr_carea' id='block_1_100' title="bbox 1886 1578 3462 1650">
    <p class='ocr_par' dir='ltr' id='par_1_100' title="bbox 1886 1578 3462 1650">
     <span class='ocr_line' id='line_1_103' title="bbox 1886 1578 3462 1650; baseline 0.01 -20"><span class='ocrx_word' id='word_1_729' title='bbox 1886 1578 2194 1632; x_wconf 88' lang='lat' dir='ltr'><strong>naturaliter</strong></span> <span class='ocrx_word' id='word_1_730' title='bbox 2226 1578 2395 1650; x_wconf 87' lang='lat' dir='ltr'><strong>Deum</strong></span> <span class='ocrx_word' id='word_1_731' title='bbox 2420 1580 2534 1634; x_wconf 57' lang='lat' dir='ltr'><strong>:tita</strong></span> <span class='ocrx_word' id='word_1_732' title='bbox 2556 1578 2635 1634; x_wconf 31' lang='lat' dir='ltr'><strong>’ut</strong></span> <span class='ocrx_word' id='word_1_733' title='bbox 2667 1581 2733 1636; x_wconf 91' lang='lat' dir='ltr'><strong>de</strong></span> <span class='ocrx_word' id='word_1_734' title='bbox 2775 1591 2962 1637; x_wconf 79' lang='lat' dir='ltr'><strong>natura</strong></span> <span class='ocrx_word' id='word_1_735' title='bbox 3002 1578 3174 1641; x_wconf 86' lang='lat' dir='ltr'><strong>Patris</strong></span> <span class='ocrx_word' id='word_1_736' title='bbox 3199 1603 3325 1644; x_wconf 85' lang='lat' dir='ltr'><strong>vere</strong></span> <span class='ocrx_word' id='word_1_737' title='bbox 3364 1607 3462 1644; x_wconf 86' lang='lat' dir='ltr'><strong>na-</strong></span> 
     </span>
    </p>
   </div>
   <div class='ocr_carea' id='block_1_101' title="bbox 1886 1649 3459 1719">
    <p class='ocr_par' dir='ltr' id='par_1_101' title="bbox 1886 1649 3459 1719">
     <span class='ocr_line' id='line_1_104' title="bbox 1886 1649 3459 1719; baseline 0.009 -18"><span class='ocrx_word' id='word_1_738' title='bbox 1886 1657 1996 1719; x_wconf 89' lang='lat' dir='ltr'><strong>tum</strong></span> <span class='ocrx_word' id='word_1_739' title='bbox 2038 1649 2364 1719; x_wconf 80' lang='lat' dir='ltr'><strong>unigenitum</strong></span> <span class='ocrx_word' id='word_1_740' title='bbox 2402 1650 2629 1715; x_wconf 87' lang='lat' dir='ltr'><strong>Filium,</strong></span> <span class='ocrx_word' id='word_1_741' title='bbox 2679 1660 2732 1706; x_wconf 93' lang='lat' dir='ltr'><strong>et</strong></span> <span class='ocrx_word' id='word_1_742' title='bbox 2773 1654 2929 1707; x_wconf 90' lang='lat' dir='ltr'><strong>simul</strong></span> <span class='ocrx_word' id='word_1_743' title='bbox 2964 1654 3029 1709; x_wconf 89' lang='lat' dir='ltr'><strong>de</strong></span> <span class='ocrx_word' id='word_1_744' title='bbox 3076 1657 3233 1712; x_wconf 89' lang='lat' dir='ltr'><strong>Patre</strong></span> <span class='ocrx_word' id='word_1_745' title='bbox 3274 1670 3325 1713; x_wconf 86' lang='lat' dir='ltr'><strong>ct</strong></span> <span class='ocrx_word' id='word_1_746' title='bbox 3368 1662 3459 1714; x_wconf 86' lang='lat' dir='ltr'><strong>Fi—</strong></span> 
     </span>
    </p>
   </div>
   <div class='ocr_carea' id='block_1_102' title="bbox 1885 1718 3460 1799">
    <p class='ocr_par' dir='ltr' id='par_1_102' title="bbox 1885 1718 3460 1799">
     <span class='ocr_line' id='line_1_105' title="bbox 1885 1718 3460 1799; baseline 0.009 -26"><span class='ocrx_word' id='word_1_747' title='bbox 1885 1718 1974 1799; x_wconf 31' lang='grc' dir='ltr'><strong>ξιον</strong></span> <span class='ocrx_word' id='word_1_748' title='bbox 2002 1718 2153 1799; x_wconf 30' lang='lat' dir='ltr'><strong>vere’</strong></span> <span class='ocrx_word' id='word_1_749' title='bbox 2181 1728 2340 1789; x_wconf 90' lang='lat' dir='ltr'><strong>atque</strong></span> <span class='ocrx_word' id='word_1_750' title='bbox 2394 1722 2705 1799; x_wconf 76' lang='lat' dir='ltr'><strong>naturaliter</strong></span> <span class='ocrx_word' id='word_1_751' title='bbox 2757 1723 3128 1791; x_wconf 89' lang='lat' dir='ltr'><strong>procedentem</strong></span> <span class='ocrx_word' id='word_1_752' title='bbox 3179 1730 3460 1797; x_wconf 76' lang='lat' dir='ltr'><strong>credamus</strong></span> 
     </span>
    </p>
   </div>
   <div class='ocr_carea' id='block_1_103' title="bbox 1884 1788 3457 1863">
    <p class='ocr_par' dir='ltr' id='par_1_103' title="bbox 1884 1788 3457 1863">
     <span class='ocr_line' id='line_1_106' title="bbox 1884 1788 3457 1863; baseline 0.009 -21"><span class='ocrx_word' id='word_1_753' title='bbox 1884 1788 2139 1858; x_wconf 90' lang='lat' dir='ltr'><strong>Spiritum</strong></span> <span class='ocrx_word' id='word_1_754' title='bbox 2186 1788 2427 1863; x_wconf 85' lang='lat' dir='ltr'><strong>sanctum</strong></span> <span class='ocrx_word' id='word_1_755' title='bbox 2474 1809 2487 1844; x_wconf 90' lang='lat'><strong>:</strong></span> <span class='ocrx_word' id='word_1_756' title='bbox 2536 1788 2811 1863; x_wconf 85' lang='lat' dir='ltr'><strong>ipsamque</strong></span> <span class='ocrx_word' id='word_1_757' title='bbox 2856 1806 3091 1851; x_wconf 86' lang='lat' dir='ltr'><strong>sanctam</strong></span> <span class='ocrx_word' id='word_1_758' title='bbox 3145 1796 3457 1856; x_wconf 85' lang='lat' dir='ltr'><strong>Trinitatem</strong></span> 
     </span>
    </p>
   </div>
   <div class='ocr_carea' id='block_1_104' title="bbox 1881 1862 3459 1939">
    <p class='ocr_par' dir='ltr' id='par_1_104' title="bbox 1881 1862 3459 1939">
     <span class='ocr_line' id='line_1_107' title="bbox 1881 1862 3459 1939; baseline 0.008 -25"><span class='ocrx_word' id='word_1_759' title='bbox 1881 1874 2001 1914; x_wconf 90' lang='lat' dir='ltr'><strong>esse</strong></span> <span class='ocrx_word' id='word_1_760' title='bbox 2047 1877 2219 1939; x_wconf 74' lang='lat' dir='ltr'><strong>unum</strong></span> <span class='ocrx_word' id='word_1_761' title='bbox 2264 1862 2479 1939; x_wconf 70' lang='lat' dir='ltr'><strong>solum,</strong></span> <span class='ocrx_word' id='word_1_762' title='bbox 2531 1862 2751 1939; x_wconf 51' lang='lat' dir='ltr'><strong>verum}</strong></span> <span class='ocrx_word' id='word_1_763' title='bbox 2810 1873 3101 1939; x_wconf 64' lang='lat' dir='ltr'><strong>aeternum,</strong></span> <span class='ocrx_word' id='word_1_764' title='bbox 3160 1878 3318 1939; x_wconf 89' lang='lat' dir='ltr'><strong>atque</strong></span> <span class='ocrx_word' id='word_1_765' title='bbox 3376 1873 3459 1926; x_wconf 90' lang='lat' dir='ltr'><strong>in-</strong></span> 
     </span>
    </p>
   </div>
   <div class='ocr_carea' id='block_1_105' title="bbox 1882 1932 3459 2009">
    <p class='ocr_par' dir='ltr' id='par_1_105' title="bbox 1882 1932 3459 2009">
     <span class='ocr_line' id='line_1_108' title="bbox 1882 1932 3459 2009; baseline 0.006 -24"><span class='ocrx_word' id='word_1_766' title='bbox 1882 1932 2314 2009; x_wconf 79' lang='lat' dir='ltr'><strong>commutabilem</strong></span> <span class='ocrx_word' id='word_1_767' title='bbox 2360 1934 2574 2009; x_wconf 41' lang='grc' dir='ltr'><strong>Βίῳ-ιιιἈ</strong></span> <span class='ocrx_word' id='word_1_768' title='bbox 2601 1932 2836 1989; x_wconf 88' lang='lat' dir='ltr'><strong>Credere</strong></span> <span class='ocrx_word' id='word_1_769' title='bbox 2882 1936 3061 2009; x_wconf 13' lang='lat' dir='ltr'><strong>etiam,</strong></span> <span class='ocrx_word' id='word_1_770' title='bbox 3090 1932 3343 2009; x_wconf 73' lang='lat' dir='ltr'><strong>congruit</strong></span> <span class='ocrx_word' id='word_1_771' title='bbox 3391 1945 3459 1996; x_wconf 87' lang='lat' dir='ltr'><strong>ad</strong></span> 
     </span>
    </p>
   </div>
   <div class='ocr_carea' id='block_1_106' title="bbox 1882 2001 3457 2080">
    <p class='ocr_par' dir='ltr' id='par_1_106' title="bbox 1882 2001 3457 2080">
     <span class='ocr_line' id='line_1_109' title="bbox 1882 2001 3457 2080; baseline 0.01 -28"><span class='ocrx_word' id='word_1_772' title='bbox 1882 2001 2127 2080; x_wconf 68' lang='lat' dir='ltr'><strong>salutem,</strong></span> <span class='ocrx_word' id='word_1_773' title='bbox 2150 2018 2308 2056; x_wconf 89' lang='lat' dir='ltr'><strong>unam</strong></span> <span class='ocrx_word' id='word_1_774' title='bbox 2334 2017 2399 2056; x_wconf 80' lang='lat' dir='ltr'><strong>ex</strong></span> <span class='ocrx_word' id='word_1_775' title='bbox 2430 2002 2688 2058; x_wconf 81' lang='lat' dir='ltr'><strong>Trinitatc</strong></span> <span class='ocrx_word' id='word_1_776' title='bbox 2714 2020 3016 2080; x_wconf 77' lang='lat' dir='ltr'><strong>personam,</strong></span> <span class='ocrx_word' id='word_1_777' title='bbox 3050 2008 3102 2080; x_wconf 84' lang='lat' dir='ltr'><strong>id</strong></span> <span class='ocrx_word' id='word_1_778' title='bbox 3128 2001 3230 2073; x_wconf 54' lang='lat' dir='ltr'><strong>estV,</strong></span> <span class='ocrx_word' id='word_1_779' title='bbox 3262 2011 3457 2080; x_wconf 80' lang='lat' dir='ltr'><strong>Unige-</strong></span> 
     </span>
    </p>
   </div>
   <div class='ocr_carea' id='block_1_107' title="bbox 1881 2071 3459 2141">
    <p class='ocr_par' dir='ltr' id='par_1_107' title="bbox 1881 2071 3459 2141">
     <span class='ocr_line' id='line_1_110' title="bbox 1881 2071 3459 2141; baseline 0.008 -17"><span class='ocrx_word' id='word_1_780' title='bbox 1881 2071 2050 2125; x_wconf 91' lang='lat' dir='ltr'><strong>nitum</strong></span> <span class='ocrx_word' id='word_1_781' title='bbox 2080 2073 2246 2126; x_wconf 92' lang='lat' dir='ltr'><strong>Deum</strong></span> <span class='ocrx_word' id='word_1_782' title='bbox 2268 2088 2411 2141; x_wconf 78' lang='lat' dir='ltr'><strong>,,pro</strong></span> <span class='ocrx_word' id='word_1_783' title='bbox 2439 2086 2619 2127; x_wconf 89' lang='lat' dir='ltr'><strong>nostra</strong></span> <span class='ocrx_word' id='word_1_784' title='bbox 2663 2071 2831 2128; x_wconf 86' lang='lat' dir='ltr'><strong>salute</strong></span> <span class='ocrx_word' id='word_1_785' title='bbox 2859 2077 3028 2130; x_wconf 85' lang='lat' dir='ltr'><strong>solum</strong></span> <span class='ocrx_word' id='word_1_786' title='bbox 3070 2071 3341 2135; x_wconf 82' lang='lat' dir='ltr'><strong>hominem</strong></span> <span class='ocrx_word' id='word_1_787' title='bbox 3369 2071 3459 2136; x_wconf 49' lang='grc' dir='ltr'><strong>ἰιι-</strong></span> 
     </span>
    </p>
   </div>
   <div class='ocr_carea' id='block_1_108' title="bbox 1882 2142 3456 2214">
    <p class='ocr_par' dir='ltr' id='par_1_108' title="bbox 1882 2142 3456 2214">
     <span class='ocr_line' id='line_1_111' title="bbox 1882 2142 3456 2214; baseline 0.006 -18"><span class='ocrx_word' id='word_1_788' title='bbox 1882 2149 2025 2214; x_wconf 87' lang='lat' dir='ltr'><strong>ctum</strong></span> <span class='ocrx_word' id='word_1_789' title='bbox 2052 2160 2065 2196; x_wconf 89' lang='lat'><strong>:</strong></span> <span class='ocrx_word' id='word_1_790' title='bbox 2097 2142 2447 2212; x_wconf 88' lang='lat' dir='ltr'><strong>eumdemque</strong></span> <span class='ocrx_word' id='word_1_791' title='bbox 2485 2159 2647 2197; x_wconf 90' lang='lat' dir='ltr'><strong>unum</strong></span> <span class='ocrx_word' id='word_1_792' title='bbox 2672 2160 2790 2199; x_wconf 90' lang='lat' dir='ltr'><strong>esse</strong></span> <span class='ocrx_word' id='word_1_793' title='bbox 2822 2146 2982 2199; x_wconf 90' lang='lat' dir='ltr'><strong>Deum</strong></span> <span class='ocrx_word' id='word_1_794' title='bbox 3014 2163 3196 2203; x_wconf 88' lang='lat' dir='ltr'><strong>verum</strong></span> <span class='ocrx_word' id='word_1_795' title='bbox 3219 2191 3233 2214; x_wconf 97' lang='lat'><strong>,</strong></span> <span class='ocrx_word' id='word_1_796' title='bbox 3264 2160 3318 2206; x_wconf 92' lang='lat' dir='ltr'><strong>et</strong></span> <span class='ocrx_word' id='word_1_797' title='bbox 3358 2153 3456 2205; x_wconf 84' lang='lat' dir='ltr'><strong>ho-</strong></span> 
     </span>
    </p>
   </div>
   <div class='ocr_carea' id='block_1_109' title="bbox 1881 2212 3454 2280">
    <p class='ocr_par' dir='ltr' id='par_1_109' title="bbox 1881 2212 3454 2280">
     <span class='ocr_line' id='line_1_112' title="bbox 1881 2212 3454 2280; baseline 0.008 -15"><span class='ocrx_word' id='word_1_798' title='bbox 1881 2212 2079 2266; x_wconf 89' lang='lat' dir='ltr'><strong>minem</strong></span> <span class='ocrx_word' id='word_1_799' title='bbox 2108 2228 2316 2280; x_wconf 89' lang='lat' dir='ltr'><strong>verum,</strong></span> <span class='ocrx_word' id='word_1_800' title='bbox 2348 2214 2641 2268; x_wconf 90' lang='lat' dir='ltr'><strong>secundum</strong></span> <span class='ocrx_word' id='word_1_801' title='bbox 2667 2215 2992 2271; x_wconf 88' lang='lat' dir='ltr'><strong>divinitatem</strong></span> <span class='ocrx_word' id='word_1_802' title='bbox 3027 2234 3183 2273; x_wconf 88' lang='lat' dir='ltr'><strong>unam</strong></span> <span class='ocrx_word' id='word_1_803' title='bbox 3210 2212 3454 2277; x_wconf 89' lang='lat' dir='ltr'><strong>naturam</strong></span> 
     </span>
    </p>
   </div>
   <div class='ocr_carea' id='block_1_110' title="bbox 1880 2283 3454 2355">
    <p class='ocr_par' dir='ltr' id='par_1_110' title="bbox 1880 2283 3454 2355">
     <span class='ocr_line' id='line_1_113' title="bbox 1880 2283 3454 2355; baseline 0.007 -19"><span class='ocrx_word' id='word_1_804' title='bbox 1880 2283 2165 2355; x_wconf 85' lang='lat' dir='ltr'><strong>habentem</strong></span> <span class='ocrx_word' id='word_1_805' title='bbox 2195 2299 2315 2337; x_wconf 81' lang='lat' dir='ltr'><strong>cum</strong></span> <span class='ocrx_word' id='word_1_806' title='bbox 2362 2283 2519 2338; x_wconf 88' lang='lat' dir='ltr'><strong>Patre</strong></span> <span class='ocrx_word' id='word_1_807' title='bbox 2560 2292 2615 2339; x_wconf 91' lang='lat' dir='ltr'><strong>et</strong></span> <span class='ocrx_word' id='word_1_808' title='bbox 2656 2285 2854 2355; x_wconf 89' lang='lat' dir='ltr'><strong>Spiritu</strong></span> <span class='ocrx_word' id='word_1_809' title='bbox 2894 2298 3111 2354; x_wconf 84' lang='lat' dir='ltr'><strong>sancto;</strong></span> <span class='ocrx_word' id='word_1_810' title='bbox 3163 2294 3454 2347; x_wconf 91' lang='lat' dir='ltr'><strong>secundum</strong></span> 
     </span>
    </p>
   </div>
   <div class='ocr_carea' id='block_1_111' title="bbox 1882 2353 3457 2433">
    <p class='ocr_par' dir='ltr' id='par_1_111' title="bbox 1882 2353 3457 2433">
     <span class='ocr_line' id='line_1_114' title="bbox 1882 2353 3457 2433; baseline 0.009 -27"><span class='ocrx_word' id='word_1_811' title='bbox 1882 2353 2260 2433; x_wconf 74' lang='lat' dir='ltr'><strong>humanitatem</strong></span> <span class='ocrx_word' id='word_1_812' title='bbox 2292 2369 2437 2419; x_wconf 83' lang='lat' dir='ltr'><strong>vero,</strong></span> <span class='ocrx_word' id='word_1_813' title='bbox 2459 2353 2711 2433; x_wconf 57' lang='lat' dir='ltr'><strong>animum</strong></span> <span class='ocrx_word' id='word_1_814' title='bbox 2741 2355 2938 2433; x_wconf 85' lang='lat' dir='ltr'><strong>Christi</strong></span> <span class='ocrx_word' id='word_1_815' title='bbox 2976 2359 3290 2433; x_wconf 84' lang='lat' dir='ltr'><strong>rationalem</strong></span> <span class='ocrx_word' id='word_1_816' title='bbox 3314 2364 3457 2433; x_wconf 89' lang='lat' dir='ltr'><strong>ejus-</strong></span> 
     </span>
    </p>
   </div>
   <div class='ocr_carea' id='block_1_112' title="bbox 1880 2422 3455 2494">
    <p class='ocr_par' dir='ltr' id='par_1_112' title="bbox 1880 2422 3455 2494">
     <span class='ocr_line' id='line_1_115' title="bbox 1880 2422 3455 2494; baseline 0.006 -16"><span class='ocrx_word' id='word_1_817' title='bbox 1880 2422 2004 2479; x_wconf 90' lang='lat' dir='ltr'><strong>dem</strong></span> <span class='ocrx_word' id='word_1_818' title='bbox 2034 2434 2235 2479; x_wconf 83' lang='lat' dir='ltr'><strong>naturae</strong></span> <span class='ocrx_word' id='word_1_819' title='bbox 2264 2440 2383 2480; x_wconf 91' lang='lat' dir='ltr'><strong>esse</strong></span> <span class='ocrx_word' id='word_1_820' title='bbox 2423 2424 2574 2494; x_wconf 91' lang='lat' dir='ltr'><strong>cujus</strong></span> <span class='ocrx_word' id='word_1_821' title='bbox 2612 2433 2735 2480; x_wconf 92' lang='lat' dir='ltr'><strong>sunt</strong></span> <span class='ocrx_word' id='word_1_822' title='bbox 2770 2428 2961 2482; x_wconf 64' lang='lat' dir='ltr'><strong>anima:</strong></span> <span class='ocrx_word' id='word_1_823' title='bbox 2999 2431 3235 2485; x_wconf 90' lang='lat' dir='ltr'><strong>omnimn</strong></span> <span class='ocrx_word' id='word_1_824' title='bbox 3278 2422 3455 2487; x_wconf 63' lang='lat' dir='ltr'><strong>hoini-</strong></span> 
     </span>
    </p>
   </div>
   <div class='ocr_carea' id='block_1_113' title="bbox 1881 2495 3457 2572">
    <p class='ocr_par' dir='ltr' id='par_1_113' title="bbox 1881 2495 3457 2572">
     <span class='ocr_line' id='line_1_116' title="bbox 1881 2495 3457 2572; baseline 0.006 -23"><span class='ocrx_word' id='word_1_825' title='bbox 1881 2511 2041 2572; x_wconf 85' lang='lat' dir='ltr'><strong>num,</strong></span> <span class='ocrx_word' id='word_1_826' title='bbox 2082 2504 2137 2550; x_wconf 90' lang='lat' dir='ltr'><strong>et</strong></span> <span class='ocrx_word' id='word_1_827' title='bbox 2161 2510 2373 2572; x_wconf 86' lang='lat' dir='ltr'><strong>carnem</strong></span> <span class='ocrx_word' id='word_1_828' title='bbox 2400 2495 2595 2572; x_wconf 79' lang='lat' dir='ltr'><strong>Christi</strong></span> <span class='ocrx_word' id='word_1_829' title='bbox 2639 2497 2779 2572; x_wconf 88' lang='lat' dir='ltr'><strong>illius</strong></span> <span class='ocrx_word' id='word_1_830' title='bbox 2816 2512 2935 2572; x_wconf 83' lang='lat' dir='ltr'><strong>esse</strong></span> <span class='ocrx_word' id='word_1_831' title='bbox 2972 2509 3174 2572; x_wconf 80' lang='lat' dir='ltr'><strong>naturae</strong></span> <span class='ocrx_word' id='word_1_832' title='bbox 3198 2503 3351 2572; x_wconf 92' lang='lat' dir='ltr'><strong>cujus</strong></span> <span class='ocrx_word' id='word_1_833' title='bbox 3376 2516 3457 2559; x_wconf 87' lang='lat' dir='ltr'><strong>est</strong></span> 
     </span>
    </p>
   </div>
   <div class='ocr_carea' id='block_1_114' title="bbox 1881 2565 3451 2640">
    <p class='ocr_par' dir='ltr' id='par_1_114' title="bbox 1881 2565 3451 2640">
     <span class='ocr_line' id='line_1_117' title="bbox 1881 2565 3451 2640; baseline 0.006 -22"><span class='ocrx_word' id='word_1_834' title='bbox 1881 2567 2253 2640; x_wconf 69' lang='lat' dir='ltr'><strong>universorum</strong></span> <span class='ocrx_word' id='word_1_835' title='bbox 2275 2567 2365 2635; x_wconf 92' lang='lat' dir='ltr'><strong>qui</strong></span> <span class='ocrx_word' id='word_1_836' title='bbox 2402 2565 2668 2640; x_wconf 66' lang='lat' dir='ltr'><strong>deprime</strong></span> <span class='ocrx_word' id='word_1_837' title='bbox 2700 2568 2913 2623; x_wconf 87' lang='lat' dir='ltr'><strong>homine</strong></span> <span class='ocrx_word' id='word_1_838' title='bbox 2948 2571 3202 2640; x_wconf 87' lang='lat' dir='ltr'><strong>originem</strong></span> <span class='ocrx_word' id='word_1_839' title='bbox 3233 2565 3451 2629; x_wconf 77' lang='lat' dir='ltr'><strong>ducunt.</strong></span> 
     </span>
    </p>
   </div>
   <div class='ocr_carea' id='block_1_115' title="bbox 1881 2636 3452 2705">
    <p class='ocr_par' dir='ltr' id='par_1_115' title="bbox 1881 2636 3452 2705">
     <span class='ocr_line' id='line_1_118' title="bbox 1881 2636 3452 2705; baseline 0.006 -15"><span class='ocrx_word' id='word_1_840' title='bbox 1881 2636 2024 2705; x_wconf 86' lang='lat' dir='ltr'><strong>Ergo</strong></span> <span class='ocrx_word' id='word_1_841' title='bbox 2051 2652 2149 2691; x_wconf 92' lang='lat' dir='ltr'><strong>nec</strong></span> <span class='ocrx_word' id='word_1_842' title='bbox 2172 2638 2403 2691; x_wconf 90' lang='lat' dir='ltr'><strong>animam</strong></span> <span class='ocrx_word' id='word_1_843' title='bbox 2428 2636 2642 2703; x_wconf 87' lang='lat' dir='ltr'><strong>Christi,</strong></span> <span class='ocrx_word' id='word_1_844' title='bbox 2674 2652 2772 2692; x_wconf 93' lang='lat' dir='ltr'><strong>nec</strong></span> <span class='ocrx_word' id='word_1_845' title='bbox 2798 2653 3012 2693; x_wconf 88' lang='lat' dir='ltr'><strong>carnem</strong></span> <span class='ocrx_word' id='word_1_846' title='bbox 3034 2636 3197 2697; x_wconf 74' lang='lat' dir='ltr'><strong>unius</strong></span> <span class='ocrx_word' id='word_1_847' title='bbox 3221 2660 3340 2699; x_wconf 91' lang='lat' dir='ltr'><strong>cum</strong></span> <span class='ocrx_word' id='word_1_848' title='bbox 3370 2647 3452 2699; x_wconf 88' lang='lat' dir='ltr'><strong>di-</strong></span> 
     </span>
    </p>
   </div>
   <div class='ocr_carea' id='block_1_116' title="bbox 1880 2706 3456 2788">
    <p class='ocr_par' dir='ltr' id='par_1_116' title="bbox 1880 2706 3456 2788">
     <span class='ocr_line' id='line_1_119' title="bbox 1880 2706 3456 2788; baseline 0.005 -27"><span class='ocrx_word' id='word_1_849' title='bbox 1880 2707 2098 2788; x_wconf 78' lang='lat' dir='ltr'><strong>vinitate</strong></span> <span class='ocrx_word' id='word_1_850' title='bbox 2123 2706 2466 2788; x_wconf 87' lang='lat' dir='ltr'><strong>ejusdemque</strong></span> <span class='ocrx_word' id='word_1_851' title='bbox 2489 2722 2606 2763; x_wconf 87' lang='lat' dir='ltr'><strong>esse</strong></span> <span class='ocrx_word' id='word_1_852' title='bbox 2634 2717 2837 2763; x_wconf 74' lang='lat' dir='ltr'><strong>natura:</strong></span> <span class='ocrx_word' id='word_1_853' title='bbox 2861 2727 2873 2761; x_wconf 92' lang='lat'>:</span> <span class='ocrx_word' id='word_1_854' title='bbox 2887 2710 3023 2788; x_wconf 59' lang='lat' dir='ltr'><strong>guia</strong></span> <span class='ocrx_word' id='word_1_855' title='bbox 3044 2714 3332 2788; x_wconf 80' lang='lat' dir='ltr'><strong>secundum</strong></span> <span class='ocrx_word' id='word_1_856' title='bbox 3360 2715 3456 2770; x_wconf 88' lang='lat' dir='ltr'><strong>hn-</strong></span> 
     </span>
    </p>
   </div>
   <div class='ocr_carea' id='block_1_117' title="bbox 1881 2779 3458 2846">
    <p class='ocr_par' dir='ltr' id='par_1_117' title="bbox 1881 2779 3458 2846">
     <span class='ocr_line' id='line_1_120' title="bbox 1881 2779 3458 2846; baseline 0.007 -16"><span class='ocrx_word' id='word_1_857' title='bbox 1881 2779 2187 2831; x_wconf 89' lang='lat' dir='ltr'><strong>manitatem</strong></span> <span class='ocrx_word' id='word_1_858' title='bbox 2217 2793 2341 2831; x_wconf 88' lang='lat' dir='ltr'><strong>vere</strong></span> <span class='ocrx_word' id='word_1_859' title='bbox 2380 2779 2493 2846; x_wconf 90' lang='lat' dir='ltr'><strong>ipse</strong></span> <span class='ocrx_word' id='word_1_860' title='bbox 2521 2790 2729 2833; x_wconf 88' lang='lat' dir='ltr'><strong>creatus</strong></span> <span class='ocrx_word' id='word_1_861' title='bbox 2754 2788 2854 2833; x_wconf 87' lang='lat' dir='ltr'><strong>est.</strong></span> <span class='ocrx_word' id='word_1_862' title='bbox 2886 2780 2991 2835; x_wconf 90' lang='lat' dir='ltr'><strong>Sed</strong></span> <span class='ocrx_word' id='word_1_863' title='bbox 3036 2784 3172 2837; x_wconf 93' lang='lat' dir='ltr'><strong>sicut</strong></span> <span class='ocrx_word' id='word_1_864' title='bbox 3195 2784 3458 2841; x_wconf 78' lang='lat' dir='ltr'><strong>divinitati</strong></span> 
     </span>
    </p>
   </div>
   <div class='ocr_carea' id='block_1_118' title="bbox 1880 2848 3455 2917">
    <p class='ocr_par' dir='ltr' id='par_1_118' title="bbox 1880 2848 3455 2917">
     <span class='ocr_line' id='line_1_121' title="bbox 1880 2848 3455 2917; baseline 0.006 -15"><span class='ocrx_word' id='word_1_865' title='bbox 1880 2848 1994 2917; x_wconf 90' lang='lat' dir='ltr'><strong>ejus</strong></span> <span class='ocrx_word' id='word_1_866' title='bbox 2035 2864 2157 2903; x_wconf 91' lang='lat' dir='ltr'><strong>cum</strong></span> <span class='ocrx_word' id='word_1_867' title='bbox 2186 2848 2344 2903; x_wconf 88' lang='lat' dir='ltr'><strong>Patre</strong></span> <span class='ocrx_word' id='word_1_868' title='bbox 2380 2857 2437 2902; x_wconf 90' lang='lat' dir='ltr'><strong>et</strong></span> <span class='ocrx_word' id='word_1_869' title='bbox 2463 2848 2663 2917; x_wconf 87' lang='lat' dir='ltr'><strong>Spiritu</strong></span> <span class='ocrx_word' id='word_1_870' title='bbox 2706 2858 2888 2905; x_wconf 88' lang='lat' dir='ltr'><strong>sancto</strong></span> <span class='ocrx_word' id='word_1_871' title='bbox 2930 2861 3011 2905; x_wconf 88' lang='lat' dir='ltr'><strong>est</strong></span> <span class='ocrx_word' id='word_1_872' title='bbox 3048 2852 3225 2909; x_wconf 90' lang='lat' dir='ltr'><strong>divina</strong></span> <span class='ocrx_word' id='word_1_873' title='bbox 3269 2866 3455 2911; x_wconf 83' lang='lat' dir='ltr'><strong>natura</strong></span> 
     </span>
    </p>
   </div>
   <div class='ocr_carea' id='block_1_119' title="bbox 1880 2919 3458 2990">
    <p class='ocr_par' dir='ltr' id='par_1_119' title="bbox 1880 2919 3458 2990">
     <span class='ocr_line' id='line_1_122' title="bbox 1880 2919 3458 2990; baseline 0.005 -16"><span class='ocrx_word' id='word_1_874' title='bbox 1880 2920 2211 2983; x_wconf 88' lang='lat' dir='ltr'><strong>communis;</strong></span> <span class='ocrx_word' id='word_1_875' title='bbox 2262 2919 2339 2973; x_wconf 91' lang='lat' dir='ltr'><strong>sic</strong></span> <span class='ocrx_word' id='word_1_876' title='bbox 2382 2920 2572 2972; x_wconf 81' lang='lat' dir='ltr'><strong>animae</strong></span> <span class='ocrx_word' id='word_1_877' title='bbox 2600 2921 2713 2989; x_wconf 90' lang='lat' dir='ltr'><strong>ejus</strong></span> <span class='ocrx_word' id='word_1_878' title='bbox 2743 2929 2797 2974; x_wconf 92' lang='lat' dir='ltr'><strong>et</strong></span> <span class='ocrx_word' id='word_1_879' title='bbox 2837 2923 3047 2990; x_wconf 89' lang='lat' dir='ltr'><strong>corpori</strong></span> <span class='ocrx_word' id='word_1_880' title='bbox 3094 2927 3346 2981; x_wconf 86' lang='lat' dir='ltr'><strong>naturalis</strong></span> <span class='ocrx_word' id='word_1_881' title='bbox 3374 2937 3458 2981; x_wconf 90' lang='lat' dir='ltr'><strong>est</strong></span> 
     </span>
    </p>
   </div>
   <div class='ocr_carea' id='block_1_120' title="bbox 1879 2989 3455 3066">
    <p class='ocr_par' dir='ltr' id='par_1_120' title="bbox 1879 2989 3455 3066">
     <span class='ocr_line' id='line_1_123' title="bbox 1879 2989 3455 3066; baseline 0.006 -24"><span class='ocrx_word' id='word_1_882' title='bbox 1879 2991 2183 3066; x_wconf 77' lang='lat' dir='ltr'><strong>communio</strong></span> <span class='ocrx_word' id='word_1_883' title='bbox 2208 3004 2328 3043; x_wconf 92' lang='lat' dir='ltr'><strong>cum</strong></span> <span class='ocrx_word' id='word_1_884' title='bbox 2358 2989 2635 3044; x_wconf 88' lang='lat' dir='ltr'><strong>animabus</strong></span> <span class='ocrx_word' id='word_1_885' title='bbox 2674 3000 2727 3044; x_wconf 87' lang='lat' dir='ltr'><strong>et</strong></span> <span class='ocrx_word' id='word_1_886' title='bbox 2767 2989 3079 3066; x_wconf 84' lang='lat' dir='ltr'><strong>corporibus</strong></span> <span class='ocrx_word' id='word_1_887' title='bbox 3106 2997 3320 3066; x_wconf 86' lang='lat' dir='ltr'><strong>nostris.</strong></span> <span class='ocrx_word' id='word_1_888' title='bbox 3353 2999 3455 3066; x_wconf 83' lang='lat' dir='ltr'><strong>Qui</strong></span> 
     </span>
    </p>
   </div>
   <div class='ocr_carea' id='block_1_121' title="bbox 1879 3061 3452 3130">
    <p class='ocr_par' dir='ltr' id='par_1_121' title="bbox 1879 3061 3452 3130">
     <span class='ocr_line' id='line_1_124' title="bbox 1879 3061 3452 3130; baseline 0.005 -16"><span class='ocrx_word' id='word_1_889' title='bbox 1879 3061 2155 3115; x_wconf 90' lang='lat' dir='ltr'><strong>divinitate</strong></span> <span class='ocrx_word' id='word_1_890' title='bbox 2192 3075 2287 3114; x_wconf 87' lang='lat' dir='ltr'><strong>sua</strong></span> <span class='ocrx_word' id='word_1_891' title='bbox 2315 3074 2528 3115; x_wconf 89' lang='lat' dir='ltr'><strong>carnem</strong></span> <span class='ocrx_word' id='word_1_892' title='bbox 2572 3069 2730 3130; x_wconf 86' lang='lat' dir='ltr'><strong>atque</strong></span> <span class='ocrx_word' id='word_1_893' title='bbox 2770 3063 3001 3116; x_wconf 91' lang='lat' dir='ltr'><strong>animam</strong></span> <span class='ocrx_word' id='word_1_894' title='bbox 3039 3061 3452 3122; x_wconf 45' lang='lat' dir='ltr'><strong>credentium—iu</strong></span> 
     </span>
    </p>
   </div>
   <div class='ocr_carea' id='block_1_122' title="bbox 1879 3130 3454 3207">
    <p class='ocr_par' dir='ltr' id='par_1_122' title="bbox 1879 3130 3454 3207">
     <span class='ocr_line' id='line_1_125' title="bbox 1879 3130 3454 3207; baseline 0.005 -23"><span class='ocrx_word' id='word_1_895' title='bbox 1879 3146 1957 3207; x_wconf 81' lang='lat' dir='ltr'><strong>se,</strong></span> <span class='ocrx_word' id='word_1_896' title='bbox 1989 3140 2043 3186; x_wconf 89' lang='lat' dir='ltr'><strong>et</strong></span> <span class='ocrx_word' id='word_1_897' title='bbox 2068 3131 2335 3207; x_wconf 24' lang='lat' dir='ltr'><strong>a‘peccati</strong></span> <span class='ocrx_word' id='word_1_898' title='bbox 2354 3130 2609 3207; x_wconf 66' lang='lat' dir='ltr'><strong>dominio,</strong></span> <span class='ocrx_word' id='word_1_899' title='bbox 2628 3141 2693 3207; x_wconf 87' lang='lat' dir='ltr'><strong>_et</strong></span> <span class='ocrx_word' id='word_1_900' title='bbox 2717 3130 2783 3184; x_wconf 86' lang='lat' dir='ltr'><strong>ab</strong></span> <span class='ocrx_word' id='word_1_901' title='bbox 2808 3141 3020 3185; x_wconf 64' lang='lat' dir='ltr'><strong>aeternae</strong></span> <span class='ocrx_word' id='word_1_902' title='bbox 3040 3136 3226 3189; x_wconf 91' lang='lat' dir='ltr'><strong>mortis</strong></span> <span class='ocrx_word' id='word_1_903' title='bbox 3252 3140 3454 3207; x_wconf 87' lang='lat' dir='ltr'><strong>suppli-</strong></span> 
     </span>
    </p>
   </div>
   <div class='ocr_carea' id='block_1_123' title="bbox 1880 3199 3000 3272">
    <p class='ocr_par' dir='ltr' id='par_1_123' title="bbox 1880 3199 3000 3272">
     <span class='ocr_line' id='line_1_126' title="bbox 1880 3199 3000 3272; baseline -0.001 -16"><span class='ocrx_word' id='word_1_904' title='bbox 1880 3202 1963 3256; x_wconf 92' lang='lat' dir='ltr'><strong>cio</strong></span> <span class='ocrx_word' id='word_1_905' title='bbox 1984 3199 2146 3272; x_wconf 80' lang='lat' dir='ltr'><strong>gratis</strong></span> <span class='ocrx_word' id='word_1_906' title='bbox 2172 3202 2364 3269; x_wconf 89' lang='lat' dir='ltr'><strong>eripuit</strong></span> <span class='ocrx_word' id='word_1_907' title='bbox 2387 3199 2679 3272; x_wconf 79' lang='lat' dir='ltr'><strong>auferendo</strong></span> <span class='ocrx_word' id='word_1_908' title='bbox 2707 3210 3000 3270; x_wconf 86' lang='lat' dir='ltr'><strong>peccatum.</strong></span> 
     </span>
    </p>
   </div>
   <div class='ocr_carea' id='block_1_124' title="bbox 1949 3270 3455 3335">
    <p class='ocr_par' dir='ltr' id='par_1_124' title="bbox 1949 3270 3455 3335">
     <span class='ocr_line' id='line_1_127' title="bbox 1949 3270 3455 3335; baseline 0.005 -10"><span class='ocrx_word' id='word_1_909' title='bbox 1949 3270 2005 3326; x_wconf 64' lang='grc' dir='ltr'><strong>ἓξ</strong></span> <span class='ocrx_word' id='word_1_910' title='bbox 2048 3272 2158 3326; x_wconf 87' lang='lat' dir='ltr'><strong>llac</strong></span> <span class='ocrx_word' id='word_1_911' title='bbox 2181 3272 2324 3326; x_wconf 90' lang='lat' dir='ltr'><strong>enim</strong></span> <span class='ocrx_word' id='word_1_912' title='bbox 2366 3270 2678 3327; x_wconf 88' lang='lat' dir='ltr'><strong>credulitate</strong></span> <span class='ocrx_word' id='word_1_913' title='bbox 2704 3272 2965 3333; x_wconf 89' lang='lat' dir='ltr'><strong>munitus,</strong></span> <span class='ocrx_word' id='word_1_914' title='bbox 2995 3288 3099 3328; x_wconf 91' lang='lat' dir='ltr'><strong>non</strong></span> <span class='ocrx_word' id='word_1_915' title='bbox 3126 3274 3455 3335; x_wconf 83' lang='lat' dir='ltr'><strong>Oblivisceris</strong></span> 
     </span>
    </p>
   </div>
   <div class='ocr_carea' id='block_1_125' title="bbox 1878 3340 3455 3414">
    <p class='ocr_par' dir='ltr' id='par_1_125' title="bbox 1878 3340 3455 3414">
     <span class='ocr_line' id='line_1_128' title="bbox 1878 3340 3455 3414; baseline 0.001 -14"><span class='ocrx_word' id='word_1_916' title='bbox 1878 3344 2110 3399; x_wconf 88' lang='lat' dir='ltr'><strong>divinam</strong></span> <span class='ocrx_word' id='word_1_917' title='bbox 2142 3340 2559 3397; x_wconf 90' lang='lat' dir='ltr'><strong>misericordiam</strong></span> <span class='ocrx_word' id='word_1_918' title='bbox 2596 3341 2682 3414; x_wconf 85' lang='lat' dir='ltr'><strong>die</strong></span> <span class='ocrx_word' id='word_1_919' title='bbox 2708 3348 2969 3412; x_wconf 88' lang='lat' dir='ltr'><strong>noctuque</strong></span> <span class='ocrx_word' id='word_1_920' title='bbox 2996 3344 3293 3414; x_wconf 88' lang='lat' dir='ltr'><strong>supplicare</strong></span> <span class='ocrx_word' id='word_1_921' title='bbox 3310 3363 3341 3412; x_wconf 88' lang='grc'><strong>;-</strong></span> <span class='ocrx_word' id='word_1_922' title='bbox 3357 3349 3455 3402; x_wconf 88' lang='lat' dir='ltr'><strong>ob-</strong></span> 
     </span>
    </p>
   </div>
   <div class='ocr_carea' id='block_1_126' title="bbox 1879 3413 3454 3488">
    <p class='ocr_par' dir='ltr' id='par_1_126' title="bbox 1879 3413 3454 3488">
     <span class='ocr_line' id='line_1_129' title="bbox 1879 3413 3454 3488; baseline 0.003 -19"><span class='ocrx_word' id='word_1_923' title='bbox 1879 3414 2326 3488; x_wconf 63' lang='lat' dir='ltr'><strong>secransbeatain</strong></span> <span class='ocrx_word' id='word_1_924' title='bbox 2350 3426 2498 3488; x_wconf 87' lang='lat' dir='ltr'><strong>spem</strong></span> <span class='ocrx_word' id='word_1_925' title='bbox 2528 3413 2764 3488; x_wconf 80' lang='lat' dir='ltr'><strong>omnium</strong></span> <span class='ocrx_word' id='word_1_926' title='bbox 2789 3414 3115 3488; x_wconf 78' lang='lat' dir='ltr'><strong>credentium</strong></span> <span class='ocrx_word' id='word_1_927' title='bbox 3152 3417 3202 3468; x_wconf 91' lang='lat' dir='ltr'><strong>in</strong></span> <span class='ocrx_word' id='word_1_928' title='bbox 3233 3432 3325 3488; x_wconf 88' lang='lat' dir='ltr'><strong>se,</strong></span> <span class='ocrx_word' id='word_1_929' title='bbox 3365 3420 3454 3488; x_wconf 90' lang='lat' dir='ltr'><strong>qui</strong></span> 
     </span>
    </p>
   </div>
   <div class='ocr_carea' id='block_1_127' title="bbox 1878 3483 3454 3552">
    <p class='ocr_par' dir='ltr' id='par_1_127' title="bbox 1878 3483 3454 3552">
     <span class='ocr_line' id='line_1_130' title="bbox 1878 3483 3454 3552; baseline 0.003 -12"><span class='ocrx_word' id='word_1_930' title='bbox 1878 3494 1960 3540; x_wconf 87' lang='lat' dir='ltr'><strong>est</strong></span> <span class='ocrx_word' id='word_1_931' title='bbox 1983 3484 2228 3539; x_wconf 89' lang='lat' dir='ltr'><strong>Christus</strong></span> <span class='ocrx_word' id='word_1_932' title='bbox 2258 3483 2533 3549; x_wconf 91' lang='lat' dir='ltr'><strong>Dominus,</strong></span> <span class='ocrx_word' id='word_1_933' title='bbox 2560 3492 2620 3537; x_wconf 92' lang='lat' dir='ltr'><strong>ut</strong></span> <span class='ocrx_word' id='word_1_934' title='bbox 2646 3483 2800 3552; x_wconf 89' lang='lat' dir='ltr'><strong>hujus</strong></span> <span class='ocrx_word' id='word_1_935' title='bbox 2829 3484 2949 3538; x_wconf 87' lang='lat' dir='ltr'><strong>lidei</strong></span> <span class='ocrx_word' id='word_1_936' title='bbox 2974 3485 3249 3541; x_wconf 83' lang='lat' dir='ltr'><strong>veritatem</strong></span> <span class='ocrx_word' id='word_1_937' title='bbox 3284 3483 3454 3543; x_wconf 81' lang='lat' dir='ltr'><strong>ﬁrmi-</strong></span> 
     </span>
    </p>
   </div>
   <div class='ocr_carea' id='block_1_128' title="bbox 1880 3552 3454 3627">
    <p class='ocr_par' dir='ltr' id='par_1_128' title="bbox 1880 3552 3454 3627">
     <span class='ocr_line' id='line_1_131' title="bbox 1880 3552 3454 3627; baseline 0.002 -16"><span class='ocrx_word' id='word_1_938' title='bbox 1880 3565 1961 3612; x_wconf 89' lang='lat' dir='ltr'><strong>ter</strong></span> <span class='ocrx_word' id='word_1_939' title='bbox 2002 3563 2212 3627; x_wconf 71' lang='lat' dir='ltr'><strong>teneas,</strong></span> <span class='ocrx_word' id='word_1_940' title='bbox 2242 3553 2673 3627; x_wconf 70' lang='lat' dir='ltr'><strong>inviolatamque</strong></span> <span class='ocrx_word' id='word_1_941' title='bbox 2711 3552 2977 3627; x_wconf 83' lang='lat' dir='ltr'><strong>custodias</strong></span> <span class='ocrx_word' id='word_1_942' title='bbox 3012 3556 3177 3627; x_wconf 10' lang='lat' dir='ltr'><strong>:rquia</strong></span> <span class='ocrx_word' id='word_1_943' title='bbox 3204 3557 3454 3627; x_wconf 79' lang='lat' dir='ltr'><strong>.Spiritus</strong></span> 
     </span>
    </p>
   </div>
   <div class='ocr_carea' id='block_1_129' title="bbox 1878 3623 3455 3695">
    <p class='ocr_par' dir='ltr' id='par_1_129' title="bbox 1878 3623 3455 3695">
     <span class='ocr_line' id='line_1_132' title="bbox 1878 3623 3455 3695; baseline 0.002 -14"><span class='ocrx_word' id='word_1_944' title='bbox 1878 3636 2093 3681; x_wconf 90' lang='lat' dir='ltr'><strong>sanctus</strong></span> <span class='ocrx_word' id='word_1_945' title='bbox 2138 3624 2379 3679; x_wconf 88' lang='lat' dir='ltr'><strong>ﬁdelibus</strong></span> <span class='ocrx_word' id='word_1_946' title='bbox 2407 3639 2465 3677; x_wconf 90' lang='lat' dir='ltr'><strong>se</strong></span> <span class='ocrx_word' id='word_1_947' title='bbox 2493 3623 2899 3692; x_wconf 86' lang='lat' dir='ltr'><strong>deprecantibus</strong></span> <span class='ocrx_word' id='word_1_948' title='bbox 2937 3623 3207 3695; x_wconf 86' lang='lat' dir='ltr'><strong>copiosum</strong></span> <span class='ocrx_word' id='word_1_949' title='bbox 3251 3623 3455 3684; x_wconf 74' lang='lat' dir='ltr'><strong>subrui-</strong></span> 
     </span>
    </p>
   </div>
   <div class='ocr_carea' id='block_1_130' title="bbox 1878 3695 3452 3765">
    <p class='ocr_par' dir='ltr' id='par_1_130' title="bbox 1878 3695 3452 3765">
     <span class='ocr_line' id='line_1_133' title="bbox 1878 3695 3452 3765; baseline 0.003 -15"><span class='ocrx_word' id='word_1_950' title='bbox 1878 3698 2070 3751; x_wconf 88' lang='lat' dir='ltr'><strong>nistrat</strong></span> <span class='ocrx_word' id='word_1_951' title='bbox 2096 3695 2446 3765; x_wconf 85' lang='lat' dir='ltr'><strong>adjuterium,</strong></span> <span class='ocrx_word' id='word_1_952' title='bbox 2494 3696 2631 3749; x_wconf 88' lang='lat' dir='ltr'><strong>sicut</strong></span> <span class='ocrx_word' id='word_1_953' title='bbox 2677 3696 2931 3765; x_wconf 87' lang='lat' dir='ltr'><strong>propheta</strong></span> <span class='ocrx_word' id='word_1_954' title='bbox 2974 3695 3133 3761; x_wconf 89' lang='lat' dir='ltr'><strong>dicit,</strong></span> <span class='ocrx_word' id='word_1_955' title='bbox 3182 3696 3355 3765; x_wconf 86' lang='lat' dir='ltr'><strong>Prope</strong></span> <span class='ocrx_word' id='word_1_956' title='bbox 3382 3712 3452 3754; x_wconf 85' lang='lat' dir='ltr'><strong>est</strong></span> 
     </span>
    </p>
   </div>
   <div class='ocr_carea' id='block_1_131' title="bbox 1877 3765 3453 3824">
    <p class='ocr_par' dir='ltr' id='par_1_131' title="bbox 1877 3765 3453 3824">
     <span class='ocr_line' id='line_1_134' title="bbox 1877 3765 3453 3824; baseline 0.002 -4"><span class='ocrx_word' id='word_1_957' title='bbox 1877 3767 2129 3821; x_wconf 85' lang='lat' dir='ltr'><strong>Dominus</strong></span> <span class='ocrx_word' id='word_1_958' title='bbox 2150 3766 2377 3819; x_wconf 86' lang='lat' dir='ltr'><strong>omnibus</strong></span> <span class='ocrx_word' id='word_1_959' title='bbox 2415 3765 2757 3819; x_wconf 81' lang='lat' dir='ltr'><strong>invocantibus</strong></span> <span class='ocrx_word' id='word_1_960' title='bbox 2782 3782 2891 3818; x_wconf 85' lang='lat' dir='ltr'><strong>cum</strong></span> <span class='ocrx_word' id='word_1_961' title='bbox 2918 3766 2971 3819; x_wconf 87' lang='lat' dir='ltr'><strong>in</strong></span> <span class='ocrx_word' id='word_1_962' title='bbox 2998 3770 3217 3821; x_wconf 77' lang='lat' dir='ltr'><strong>veritate.</strong></span> <span class='ocrx_word' id='word_1_963' title='bbox 3260 3765 3453 3824; x_wconf 86' lang='lat' dir='ltr'><strong>Volun-</strong></span> 
     </span>
    </p>
   </div>
   <div class='ocr_carea' id='block_1_132' title="bbox 1878 3836 3454 3906">
    <p class='ocr_par' dir='ltr' id='par_1_132' title="bbox 1878 3836 3454 3906">
     <span class='ocr_line' id='line_1_135' title="bbox 1878 3836 3454 3906; baseline 0.003 -15"><span class='ocrx_word' id='word_1_964' title='bbox 1878 3847 2029 3891; x_wconf 86' lang='lat' dir='ltr'><strong>tatem</strong></span> <span class='ocrx_word' id='word_1_965' title='bbox 2055 3838 2332 3890; x_wconf 87' lang='lat' dir='ltr'><strong>timentium</strong></span> <span class='ocrx_word' id='word_1_966' title='bbox 2356 3852 2410 3906; x_wconf 81' lang='lat' dir='ltr'><strong>se</strong></span> <span class='ocrx_word' id='word_1_967' title='bbox 2435 3836 2581 3906; x_wconf 78' lang='lat' dir='ltr'><strong>faciet</strong></span> <span class='ocrx_word' id='word_1_968' title='bbox 2606 3878 2620 3901; x_wconf 91' lang='lat'><strong>,</strong></span> <span class='ocrx_word' id='word_1_969' title='bbox 2641 3845 2697 3906; x_wconf 20' lang='lat' dir='ltr'><strong>iet</strong></span> <span class='ocrx_word' id='word_1_970' title='bbox 2721 3853 2889 3906; x_wconf 84' lang='lat' dir='ltr'><strong>preces</strong></span> <span class='ocrx_word' id='word_1_971' title='bbox 2913 3853 3083 3890; x_wconf 83' lang='lat' dir='ltr'><strong>eorum</strong></span> <span class='ocrx_word' id='word_1_972' title='bbox 3109 3839 3373 3903; x_wconf 70' lang='lat' dir='ltr'><strong>exaudiet,</strong></span> <span class='ocrx_word' id='word_1_973' title='bbox 3407 3852 3454 3895; x_wconf 86' lang='lat' dir='ltr'><strong>et</strong></span> 
     </span>
    </p>
   </div>
   <div class='ocr_carea' id='block_1_133' title="bbox 1877 3904 3450 3979">
    <p class='ocr_par' dir='ltr' id='par_1_133' title="bbox 1877 3904 3450 3979">
     <span class='ocr_line' id='line_1_136' title="bbox 1877 3904 3450 3979; baseline 0.001 -17"><span class='ocrx_word' id='word_1_974' title='bbox 1877 3908 2042 3962; x_wconf 82' lang='lat' dir='ltr'><strong>salvos</strong></span> <span class='ocrx_word' id='word_1_975' title='bbox 2067 3910 2215 3978; x_wconf 78' lang='lat' dir='ltr'><strong>faciet</strong></span> <span class='ocrx_word' id='word_1_976' title='bbox 2241 3923 2344 3959; x_wconf 85' lang='lat' dir='ltr'><strong>eos.</strong></span> <span class='ocrx_word' id='word_1_977' title='bbox 2376 3904 2604 3979; x_wconf 72' lang='lat' dir='ltr'><strong>custodit</strong></span> <span class='ocrx_word' id='word_1_978' title='bbox 2626 3904 3069 3979; x_wconf 70' lang='lat' dir='ltr'><strong>Dominusonmes</strong></span> <span class='ocrx_word' id='word_1_979' title='bbox 3095 3909 3354 3979; x_wconf 82' lang='lat' dir='ltr'><strong>diligentes</strong></span> <span class='ocrx_word' id='word_1_980' title='bbox 3377 3928 3450 3975; x_wconf 90' lang='lat' dir='ltr'><strong>se,</strong></span> 
     </span>
    </p>
   </div>
   <div class='ocr_carea' id='block_1_134' title="bbox 1878 3975 3455 4051">
    <p class='ocr_par' dir='ltr' id='par_1_134' title="bbox 1878 3975 3455 4051">
     <span class='ocr_line' id='line_1_137' title="bbox 1878 3975 3455 4051; baseline 0.003 -21"><span class='ocrx_word' id='word_1_981' title='bbox 1878 3988 1923 4051; x_wconf 81' lang='lat' dir='ltr'><strong>et</strong></span> <span class='ocrx_word' id='word_1_982' title='bbox 1952 3975 2123 4051; x_wconf 73' lang='lat' dir='ltr'><strong>omnes</strong></span> <span class='ocrx_word' id='word_1_983' title='bbox 2150 3976 2709 4051; x_wconf 61' lang='lat' dir='ltr'><strong>peccatoresdisperdet</strong></span> <span class='ocrx_word' id='word_1_984' title='bbox 2740 3975 2907 4047; x_wconf 85' lang='lat' dir='ltr'><strong>(Psal.</strong></span> <span class='ocrx_word' id='word_1_985' title='bbox 2934 3993 3112 4051; x_wconf 55' lang='grc' dir='ltr'><strong>(ξχιιιιιἱ</strong></span> <span class='ocrx_word' id='word_1_986' title='bbox 3152 3975 3355 4051; x_wconf 70' lang='grc'><strong>18-20).</strong></span> <span class='ocrx_word' id='word_1_987' title='bbox 3388 3982 3455 4035; x_wconf 81' lang='lat' dir='ltr'><strong>Et</strong></span> 
     </span>
    </p>
   </div>
   <div class='ocr_carea' id='block_1_135' title="bbox 1877 4046 3448 4118">
    <p class='ocr_par' dir='ltr' id='par_1_135' title="bbox 1877 4046 3448 4118">
     <span class='ocr_line' id='line_1_138' title="bbox 1877 4046 3448 4118; baseline 0.001 -15"><span class='ocrx_word' id='word_1_988' title='bbox 1877 4049 2069 4103; x_wconf 86' lang='lat' dir='ltr'><strong>iterum</strong></span> <span class='ocrx_word' id='word_1_989' title='bbox 2092 4048 2189 4116; x_wconf 89' lang='lat' dir='ltr'><strong>ipsi</strong></span> <span class='ocrx_word' id='word_1_990' title='bbox 2218 4048 2328 4118; x_wconf 90' lang='lat' dir='ltr'><strong>Deo</strong></span> <span class='ocrx_word' id='word_1_991' title='bbox 2349 4046 2497 4118; x_wconf 87' lang='lat' dir='ltr'><strong>dicit,</strong></span> <span class='ocrx_word' id='word_1_992' title='bbox 2526 4046 2659 4097; x_wconf 78' lang='lat' dir='ltr'><strong>Ecce</strong></span> <span class='ocrx_word' id='word_1_993' title='bbox 2685 4046 2855 4118; x_wconf 79' lang='lat' dir='ltr'><strong>onmes</strong></span> <span class='ocrx_word' id='word_1_994' title='bbox 2878 4048 2964 4116; x_wconf 87' lang='lat' dir='ltr'><strong>qui</strong></span> <span class='ocrx_word' id='word_1_995' title='bbox 2988 4065 3039 4101; x_wconf 87' lang='lat' dir='ltr'><strong>se</strong></span> <span class='ocrx_word' id='word_1_996' title='bbox 3064 4047 3298 4118; x_wconf 82' lang='lat' dir='ltr'><strong>elongant</strong></span> <span class='ocrx_word' id='word_1_997' title='bbox 3315 4046 3353 4103; x_wconf 75' lang='grc' dir='ltr'><em>ἀ</em></span> <span class='ocrx_word' id='word_1_998' title='bbox 3383 4061 3448 4117; x_wconf 86' lang='lat' dir='ltr'><strong>te,</strong></span> 
     </span>
    </p>
   </div>
   <div class='ocr_carea' id='block_1_136' title="bbox 1878 4116 3453 4189">
    <p class='ocr_par' dir='ltr' id='par_1_136' title="bbox 1878 4116 3453 4189">
     <span class='ocr_line' id='line_1_139' title="bbox 1878 4116 3453 4189; baseline 0.002 -17"><span class='ocrx_word' id='word_1_999' title='bbox 1878 4119 2141 4189; x_wconf 83' lang='lat' dir='ltr'><strong>peribunt;</strong></span> <span class='ocrx_word' id='word_1_1000' title='bbox 2168 4117 2427 4189; x_wconf 76' lang='lat' dir='ltr'><strong>perdidisti</strong></span> <span class='ocrx_word' id='word_1_1001' title='bbox 2453 4132 2626 4189; x_wconf 73' lang='lat' dir='ltr'><strong>omnes</strong></span> <span class='ocrx_word' id='word_1_1002' title='bbox 2642 4116 2727 4184; x_wconf 83' lang='lat' dir='ltr'><strong>qui</strong></span> <span class='ocrx_word' id='word_1_1003' title='bbox 2755 4118 3066 4189; x_wconf 75' lang='lat' dir='ltr'><strong>fornicamur</strong></span> <span class='ocrx_word' id='word_1_1004' title='bbox 3089 4116 3282 4182; x_wconf 17' lang='lat' dir='ltr'><strong>absite,‘</strong></span> <span class='ocrx_word' id='word_1_1005' title='bbox 3305 4120 3373 4174; x_wconf 87' lang='lat' dir='ltr'><strong>de</strong></span> <span class='ocrx_word' id='word_1_1006' title='bbox 3393 4136 3453 4175; x_wconf 86' lang='lat' dir='ltr'><strong>se</strong></span> 
     </span>
    </p>
   </div>
   <div class='ocr_carea' id='block_1_137' title="bbox 1875 4185 3455 4259">
    <p class='ocr_par' dir='ltr' id='par_1_137' title="bbox 1875 4185 3455 4259">
     <span class='ocr_line' id='line_1_140' title="bbox 1875 4185 3455 4259; baseline 0.001 -17"><span class='ocrx_word' id='word_1_1007' title='bbox 1875 4185 2052 4259; x_wconf 81' lang='lat' dir='ltr'><strong>autem</strong></span> <span class='ocrx_word' id='word_1_1008' title='bbox 2080 4185 2174 4252; x_wconf 81' lang='lat' dir='ltr'><strong>ait,</strong></span> <span class='ocrx_word' id='word_1_1009' title='bbox 2199 4185 2253 4239; x_wconf 85' lang='grc' dir='ltr'><em>Μ</em></span> <span class='ocrx_word' id='word_1_1010' title='bbox 2260 4186 2331 4239; x_wconf 86' lang='lat' dir='ltr'><strong>ilti</strong></span> <span class='ocrx_word' id='word_1_1011' title='bbox 2351 4196 2518 4238; x_wconf 88' lang='lat' dir='ltr'><strong>autem</strong></span> <span class='ocrx_word' id='word_1_1012' title='bbox 2538 4185 2796 4259; x_wconf 62' lang='lat' dir='ltr'><strong>adlicerere</strong></span> <span class='ocrx_word' id='word_1_1013' title='bbox 2814 4185 2921 4240; x_wconf 85' lang='lat' dir='ltr'><strong>Deo</strong></span> <span class='ocrx_word' id='word_1_1014' title='bbox 2942 4188 3240 4259; x_wconf 61' lang='lat' dir='ltr'><strong>lionuntest,</strong></span> <span class='ocrx_word' id='word_1_1015' title='bbox 3268 4206 3455 4259; x_wconf 82' lang='lat' dir='ltr'><strong>ponere</strong></span> 
     </span>
    </p>
   </div>
   <div class='ocr_carea' id='block_1_138' title="bbox 1874 4254 3167 4328">
    <p class='ocr_par' dir='ltr' id='par_1_138' title="bbox 1874 4254 3167 4328">
     <span class='ocr_line' id='line_1_141' title="bbox 1874 4254 3167 4328; baseline -0.001 -16"><span class='ocrx_word' id='word_1_1016' title='bbox 1874 4259 1930 4312; x_wconf 78' lang='lat' dir='ltr'><strong>in</strong></span> <span class='ocrx_word' id='word_1_1017' title='bbox 1960 4258 2176 4312; x_wconf 88' lang='lat' dir='ltr'><strong>Domino</strong></span> <span class='ocrx_word' id='word_1_1018' title='bbox 2199 4273 2335 4328; x_wconf 83' lang='lat' dir='ltr'><strong>spent</strong></span> <span class='ocrx_word' id='word_1_1019' title='bbox 2356 4272 2517 4309; x_wconf 84' lang='lat' dir='ltr'><strong>meum</strong></span> <span class='ocrx_word' id='word_1_1020' title='bbox 2544 4254 2912 4328; x_wconf 12' lang='lat' dir='ltr'><strong>(Psaltrtxtxn,</strong></span> <span class='ocrx_word' id='word_1_1021' title='bbox 2935 4257 3024 4321; x_wconf 71' lang='lat'><strong>27,</strong></span> <span class='ocrx_word' id='word_1_1022' title='bbox 3055 4257 3167 4328; x_wconf 80' lang='grc'><strong>28).</strong></span> 
     </span>
    </p>
   </div>
   <div class='ocr_carea' id='block_1_139' title="bbox 1948 4325 3452 4398">
    <p class='ocr_par' dir='ltr' id='par_1_139' title="bbox 1948 4325 3452 4398">
     <span class='ocr_line' id='line_1_142' title="bbox 1948 4325 3452 4398; baseline -0.001 -13"><span class='ocrx_word' id='word_1_1023' title='bbox 1948 4329 2001 4385; x_wconf 73' lang='grc' dir='ltr'><strong>ὅ.</strong></span> <span class='ocrx_word' id='word_1_1024' title='bbox 2034 4328 2263 4382; x_wconf 69' lang='grc' dir='ltr'><strong>ΑάὴζΒΙὊ</strong></span> <span class='ocrx_word' id='word_1_1025' title='bbox 2303 4327 2481 4398; x_wconf 74' lang='lat' dir='ltr'><strong>igitur</strong></span> <span class='ocrx_word' id='word_1_1026' title='bbox 2502 4328 2644 4398; x_wconf 63' lang='lat' dir='ltr'><strong>Dee,</strong></span> <span class='ocrx_word' id='word_1_1027' title='bbox 2678 4325 2748 4378; x_wconf 90' lang='lat' dir='ltr'><strong>ﬁli</strong></span> <span class='ocrx_word' id='word_1_1028' title='bbox 2781 4325 3135 4398; x_wconf 75' lang='lat' dir='ltr'><strong>charissimc,</strong></span> <span class='ocrx_word' id='word_1_1029' title='bbox 3159 4335 3213 4383; x_wconf 88' lang='lat' dir='ltr'><strong>ct</strong></span> <span class='ocrx_word' id='word_1_1030' title='bbox 3238 4328 3289 4382; x_wconf 92' lang='lat' dir='ltr'><strong>in</strong></span> <span class='ocrx_word' id='word_1_1031' title='bbox 3336 4329 3452 4398; x_wconf 90' lang='lat' dir='ltr'><strong>ipso</strong></span> 
     </span>
    </p>
   </div>
   <div class='ocr_carea' id='block_1_140' title="bbox 1876 4396 3449 4469">
    <p class='ocr_par' dir='ltr' id='par_1_140' title="bbox 1876 4396 3449 4469">
     <span class='ocr_line' id='line_1_143' title="bbox 1876 4396 3449 4469; baseline 0 -15"><span class='ocrx_word' id='word_1_1032' title='bbox 1876 4415 2025 4469; x_wconf 90' lang='lat' dir='ltr'><strong>spem</strong></span> <span class='ocrx_word' id='word_1_1033' title='bbox 2057 4408 2196 4453; x_wconf 91' lang='lat' dir='ltr'><strong>tuam</strong></span> <span class='ocrx_word' id='word_1_1034' title='bbox 2224 4406 2336 4469; x_wconf 75' lang='lat' dir='ltr'><strong>toto</strong></span> <span class='ocrx_word' id='word_1_1035' title='bbox 2360 4396 2549 4469; x_wconf 75' lang='lat' dir='ltr'><strong>corde,</strong></span> <span class='ocrx_word' id='word_1_1036' title='bbox 2580 4396 2682 4469; x_wconf 87' lang='lat' dir='ltr'><strong>ﬁde</strong></span> <span class='ocrx_word' id='word_1_1037' title='bbox 2708 4405 2761 4450; x_wconf 91' lang='lat' dir='ltr'><strong>et</strong></span> <span class='ocrx_word' id='word_1_1038' title='bbox 2792 4396 3051 4469; x_wconf 79' lang='lat' dir='ltr'><strong>charitate</strong></span> <span class='ocrx_word' id='word_1_1039' title='bbox 3073 4396 3449 4454; x_wconf 57' lang='lat' dir='ltr'><strong>constitneflu</strong></span> 
     </span>
    </p>
   </div>
   <div class='ocr_carea' id='block_1_141' title="bbox 1877 4466 3447 4535">
    <p class='ocr_par' dir='ltr' id='par_1_141' title="bbox 1877 4466 3447 4535">
     <span class='ocr_line' id='line_1_144' title="bbox 1877 4466 3447 4535; baseline 0.001 -11"><span class='ocrx_word' id='word_1_1040' title='bbox 1877 4466 2063 4524; x_wconf 85' lang='lat' dir='ltr'><strong>militia</strong></span> <span class='ocrx_word' id='word_1_1041' title='bbox 2106 4467 2285 4523; x_wconf 82' lang='lat' dir='ltr'><strong>saeculi</strong></span> <span class='ocrx_word' id='word_1_1042' title='bbox 2314 4466 2506 4521; x_wconf 81' lang='lat' dir='ltr'><strong>exhibe</strong></span> <span class='ocrx_word' id='word_1_1043' title='bbox 2543 4468 2651 4535; x_wconf 84' lang='lat' dir='ltr'><strong>regi</strong></span> <span class='ocrx_word' id='word_1_1044' title='bbox 2695 4476 2906 4521; x_wconf 90' lang='lat' dir='ltr'><strong>terreno</strong></span> <span class='ocrx_word' id='word_1_1045' title='bbox 2939 4466 3090 4522; x_wconf 87' lang='lat' dir='ltr'><strong>lidele</strong></span> <span class='ocrx_word' id='word_1_1046' title='bbox 3129 4469 3402 4523; x_wconf 88' lang='lat' dir='ltr'><strong>servitium</strong></span> <span class='ocrx_word' id='word_1_1047' title='bbox 3433 4489 3447 4525; x_wconf 89' lang='lat'><strong>:</strong></span> 
     </span>
    </p>
   </div>
   <div class='ocr_carea' id='block_1_142' title="bbox 1876 4536 3451 4610">
    <p class='ocr_par' dir='ltr' id='par_1_142' title="bbox 1876 4536 3451 4610">
     <span class='ocr_line' id='line_1_145' title="bbox 1876 4536 3451 4610; baseline 0.001 -17"><span class='ocrx_word' id='word_1_1048' title='bbox 1876 4541 1996 4610; x_wconf 80' lang='lat' dir='ltr'><strong>quin</strong></span> <span class='ocrx_word' id='word_1_1049' title='bbox 2022 4540 2121 4594; x_wconf 90' lang='lat' dir='ltr'><strong>hoc</strong></span> <span class='ocrx_word' id='word_1_1050' title='bbox 2141 4537 2307 4610; x_wconf 87' lang='lat' dir='ltr'><strong>diligit</strong></span> <span class='ocrx_word' id='word_1_1051' title='bbox 2330 4536 2486 4610; x_wconf 76' lang='lat' dir='ltr'><strong>Deus,</strong></span> <span class='ocrx_word' id='word_1_1052' title='bbox 2514 4536 2614 4591; x_wconf 91' lang='lat' dir='ltr'><strong>hoc</strong></span> <span class='ocrx_word' id='word_1_1053' title='bbox 2635 4536 2849 4610; x_wconf 80' lang='lat' dir='ltr'><strong>mandat</strong></span> <span class='ocrx_word' id='word_1_1054' title='bbox 2874 4538 3177 4610; x_wconf 82' lang='lat' dir='ltr'><strong>Apostolus.</strong></span> <span class='ocrx_word' id='word_1_1055' title='bbox 3211 4539 3264 4591; x_wconf 90' lang='lat' dir='ltr'><strong>ln</strong></span> <span class='ocrx_word' id='word_1_1056' title='bbox 3293 4555 3451 4594; x_wconf 87' lang='lat' dir='ltr'><strong>causa</strong></span> 
     </span>
    </p>
   </div>
   <div class='ocr_carea' id='block_1_143' title="bbox 1875 4606 3453 4679">
    <p class='ocr_par' dir='ltr' id='par_1_143' title="bbox 1875 4606 3453 4679">
     <span class='ocr_line' id='line_1_146' title="bbox 1875 4606 3453 4679; baseline 0 -14"><span class='ocrx_word' id='word_1_1057' title='bbox 1875 4606 2005 4666; x_wconf 80' lang='lat' dir='ltr'><strong>vero</strong></span> <span class='ocrx_word' id='word_1_1058' title='bbox 2031 4609 2173 4675; x_wconf 89' lang='lat' dir='ltr'><strong>ﬁdei,</strong></span> <span class='ocrx_word' id='word_1_1059' title='bbox 2202 4623 2316 4679; x_wconf 81' lang='lat' dir='ltr'><strong>qua</strong></span> <span class='ocrx_word' id='word_1_1060' title='bbox 2336 4607 2575 4661; x_wconf 84' lang='lat' dir='ltr'><strong>Christus</strong></span> <span class='ocrx_word' id='word_1_1061' title='bbox 2602 4622 2700 4661; x_wconf 91' lang='lat' dir='ltr'><strong>nos</strong></span> <span class='ocrx_word' id='word_1_1062' title='bbox 2720 4606 2945 4679; x_wconf 85' lang='lat' dir='ltr'><strong>redemit</strong></span> <span class='ocrx_word' id='word_1_1063' title='bbox 2970 4609 3024 4661; x_wconf 92' lang='lat' dir='ltr'><strong>in</strong></span> <span class='ocrx_word' id='word_1_1064' title='bbox 3049 4610 3306 4679; x_wconf 86' lang='lat' dir='ltr'><strong>sanguine</strong></span> <span class='ocrx_word' id='word_1_1065' title='bbox 3333 4626 3453 4679; x_wconf 88' lang='lat' dir='ltr'><strong>suo,</strong></span> 
     </span>
    </p>
   </div>
   <div class='ocr_carea' id='block_1_144' title="bbox 1876 4676 3455 4736">
    <p class='ocr_par' dir='ltr' id='par_1_144' title="bbox 1876 4676 3455 4736">
     <span class='ocr_line' id='line_1_147' title="bbox 1876 4676 3455 4736; baseline 0.001 -1"><span class='ocrx_word' id='word_1_1066' title='bbox 1876 4681 2050 4736; x_wconf 88' lang='lat' dir='ltr'><strong>omnis</strong></span> <span class='ocrx_word' id='word_1_1067' title='bbox 2095 4680 2161 4735; x_wconf 92' lang='lat' dir='ltr'><strong>dc</strong></span> <span class='ocrx_word' id='word_1_1068' title='bbox 2192 4676 2354 4735; x_wconf 81' lang='lat' dir='ltr'><strong>corde</strong></span> <span class='ocrx_word' id='word_1_1069' title='bbox 2398 4688 2581 4732; x_wconf 88' lang='lat' dir='ltr'><strong>nostro</strong></span> <span class='ocrx_word' id='word_1_1070' title='bbox 2611 4678 2770 4732; x_wconf 90' lang='lat' dir='ltr'><strong>timor</strong></span> <span class='ocrx_word' id='word_1_1071' title='bbox 2813 4677 3084 4733; x_wconf 82' lang='lat' dir='ltr'><strong>abscedat.</strong></span> <span class='ocrx_word' id='word_1_1072' title='bbox 3134 4676 3209 4735; x_wconf 85' lang='grc' dir='ltr'><strong>ιιιί</strong></span> <span class='ocrx_word' id='word_1_1073' title='bbox 3251 4676 3455 4736; x_wconf 82' lang='lat' dir='ltr'><strong>animus</strong></span> 
     </span>
    </p>
   </div>
   <div class='ocr_carea' id='block_1_145' title="bbox 1877 4748 3453 4821">
    <p class='ocr_par' dir='ltr' id='par_1_145' title="bbox 1877 4748 3453 4821">
     <span class='ocr_line' id='line_1_148' title="bbox 1877 4748 3453 4821; baseline 0.001 -16"><span class='ocrx_word' id='word_1_1074' title='bbox 1877 4760 2087 4806; x_wconf 89' lang='lat' dir='ltr'><strong>nostras</strong></span> <span class='ocrx_word' id='word_1_1075' title='bbox 2123 4750 2411 4814; x_wconf 89' lang='lat' dir='ltr'><strong>debemus,</strong></span> <span class='ocrx_word' id='word_1_1076' title='bbox 2460 4748 2911 4821; x_wconf 32' lang='lat' dir='ltr'><strong>cujushsanguinc</strong></span> <span class='ocrx_word' id='word_1_1077' title='bbox 2948 4750 3206 4821; x_wconf 88' lang='lat' dir='ltr'><strong>redempti</strong></span> <span class='ocrx_word' id='word_1_1078' title='bbox 3248 4768 3453 4807; x_wconf 89' lang='lat' dir='ltr'><strong>sumus.</strong></span> 
     </span>
    </p>
   </div>
   <div class='ocr_carea' id='block_1_146' title="bbox 1878 4819 3457 4889">
    <p class='ocr_par' dir='ltr' id='par_1_146' title="bbox 1878 4819 3457 4889">
     <span class='ocr_line' id='line_1_149' title="bbox 1878 4819 3457 4889; baseline 0.001 -13"><span class='ocrx_word' id='word_1_1079' title='bbox 1878 4823 2030 4876; x_wconf 87' lang='lat' dir='ltr'><strong>Illum</strong></span> <span class='ocrx_word' id='word_1_1080' title='bbox 2059 4822 2316 4877; x_wconf 90' lang='lat' dir='ltr'><strong>debemus</strong></span> <span class='ocrx_word' id='word_1_1081' title='bbox 2343 4835 2450 4888; x_wconf 78' lang='lat' dir='ltr'><strong>pra:</strong></span> <span class='ocrx_word' id='word_1_1082' title='bbox 2477 4819 2724 4873; x_wconf 92' lang='lat' dir='ltr'><strong>omnibus</strong></span> <span class='ocrx_word' id='word_1_1083' title='bbox 2749 4819 2991 4889; x_wconf 82' lang='lat' dir='ltr'><strong>diligere,</strong></span> <span class='ocrx_word' id='word_1_1084' title='bbox 3022 4819 3179 4888; x_wconf 84' lang='lat' dir='ltr'><strong>quem</strong></span> <span class='ocrx_word' id='word_1_1085' title='bbox 3213 4824 3457 4877; x_wconf 65' lang='lat' dir='ltr'><strong>novimus</strong></span> 
     </span>
    </p>
   </div>
   <div class='ocr_carea' id='block_1_147' title="bbox 1877 4890 3454 4961">
    <p class='ocr_par' dir='ltr' id='par_1_147' title="bbox 1877 4890 3454 4961">
     <span class='ocr_line' id='line_1_150' title="bbox 1877 4890 3454 4961; baseline -0.001 -15"><span class='ocrx_word' id='word_1_1086' title='bbox 1877 4902 2178 4947; x_wconf 88' lang='lat' dir='ltr'><strong>nostrarum</strong></span> <span class='ocrx_word' id='word_1_1087' title='bbox 2198 4893 2494 4946; x_wconf 87' lang='lat' dir='ltr'><strong>animarum</strong></span> <span class='ocrx_word' id='word_1_1088' title='bbox 2524 4890 2995 4944; x_wconf 89' lang='lat' dir='ltr'><strong>clementissimum</strong></span> <span class='ocrx_word' id='word_1_1089' title='bbox 3020 4890 3454 4961; x_wconf 84' lang='lat' dir='ltr'><strong>Redemptorem.</strong></span> 
     </span>
    </p>
   </div>
   <div class='ocr_carea' id='block_1_148' title="bbox 1876 4961 3458 5031">
    <p class='ocr_par' dir='ltr' id='par_1_148' title="bbox 1876 4961 3458 5031">
     <span class='ocr_line' id='line_1_151' title="bbox 1876 4961 3458 5031; baseline -0.001 -15"><span class='ocrx_word' id='word_1_1090' title='bbox 1876 4962 2017 5017; x_wconf 88' lang='lat' dir='ltr'><strong>Illius</strong></span> <span class='ocrx_word' id='word_1_1091' title='bbox 2058 4963 2313 5018; x_wconf 90' lang='lat' dir='ltr'><strong>debemus</strong></span> <span class='ocrx_word' id='word_1_1092' title='bbox 2351 4962 2539 5016; x_wconf 87' lang='lat' dir='ltr'><strong>timere</strong></span> <span class='ocrx_word' id='word_1_1093' title='bbox 2576 4976 2685 5031; x_wconf 78' lang='lat' dir='ltr'><strong>pra:</strong></span> <span class='ocrx_word' id='word_1_1094' title='bbox 2713 4961 2960 5015; x_wconf 87' lang='lat' dir='ltr'><strong>omnibus</strong></span> <span class='ocrx_word' id='word_1_1095' title='bbox 3003 4971 3254 5016; x_wconf 67' lang='lat' dir='ltr'><strong>aeternam</strong></span> <span class='ocrx_word' id='word_1_1096' title='bbox 3285 4974 3338 5018; x_wconf 91' lang='lat' dir='ltr'><strong>et</strong></span> <span class='ocrx_word' id='word_1_1097' title='bbox 3369 4980 3458 5017; x_wconf 79' lang='lat' dir='ltr'><strong>ve-</strong></span> 
     </span>
    </p>
   </div>
   <div class='ocr_carea' id='block_1_149' title="bbox 1878 5035 3461 5103">
    <p class='ocr_par' dir='ltr' id='par_1_149' title="bbox 1878 5035 3461 5103">
     <span class='ocr_line' id='line_1_152' title="bbox 1878 5035 3461 5103; baseline -0.001 -15"><span class='ocrx_word' id='word_1_1098' title='bbox 1878 5050 1993 5088; x_wconf 82' lang='lat' dir='ltr'><strong>ram</strong></span> <span class='ocrx_word' id='word_1_1099' title='bbox 2032 5042 2346 5103; x_wconf 89' lang='lat' dir='ltr'><strong>potestatem</strong></span> <span class='ocrx_word' id='word_1_1100' title='bbox 2368 5073 2383 5096; x_wconf 93' lang='lat'><strong>,</strong></span> <span class='ocrx_word' id='word_1_1101' title='bbox 2414 5046 2569 5103; x_wconf 84' lang='lat' dir='ltr'><strong>quem</strong></span> <span class='ocrx_word' id='word_1_1102' title='bbox 2600 5039 2877 5103; x_wconf 84' lang='lat' dir='ltr'><strong>venturum</strong></span> <span class='ocrx_word' id='word_1_1103' title='bbox 2905 5049 3179 5103; x_wconf 85' lang='lat' dir='ltr'><strong>speramus</strong></span> <span class='ocrx_word' id='word_1_1104' title='bbox 3224 5035 3461 5101; x_wconf 70' lang='lat' dir='ltr'><strong>aequissi—</strong></span> 
     </span>
    </p>
   </div>
   <div class='ocr_carea' id='block_1_150' title="bbox 1878 5101 3457 5173">
    <p class='ocr_par' dir='ltr' id='par_1_150' title="bbox 1878 5101 3457 5173">
     <span class='ocr_line' id='line_1_153' title="bbox 1878 5101 3457 5173; baseline -0.003 -14"><span class='ocrx_word' id='word_1_1105' title='bbox 1878 5101 2316 5173; x_wconf 40' lang='lat' dir='ltr'><strong>mum—judicem.</strong></span> <span class='ocrx_word' id='word_1_1106' title='bbox 2365 5101 2508 5156; x_wconf 91' lang='lat' dir='ltr'><strong>Illius</strong></span> <span class='ocrx_word' id='word_1_1107' title='bbox 2538 5101 2795 5157; x_wconf 89' lang='lat' dir='ltr'><strong>debemus</strong></span> <span class='ocrx_word' id='word_1_1108' title='bbox 2837 5102 3097 5171; x_wconf 88' lang='lat' dir='ltr'><strong>promissa</strong></span> <span class='ocrx_word' id='word_1_1109' title='bbox 3130 5112 3239 5156; x_wconf 90' lang='lat' dir='ltr'><strong>toto</strong></span> <span class='ocrx_word' id='word_1_1110' title='bbox 3266 5104 3457 5173; x_wconf 86' lang='lat' dir='ltr'><strong>all&#39;ectn</strong></span> 
     </span>
    </p>
   </div>
   <div class='ocr_carea' id='block_1_151' title="bbox 1877 5172 3456 5244">
    <p class='ocr_par' dir='ltr' id='par_1_151' title="bbox 1877 5172 3456 5244">
     <span class='ocr_line' id='line_1_154' title="bbox 1877 5172 3456 5244; baseline -0.003 -14"><span class='ocrx_word' id='word_1_1111' title='bbox 1877 5172 2359 5244; x_wconf 17' lang='lat' dir='ltr'><strong>cordisiappelere,</strong></span> <span class='ocrx_word' id='word_1_1112' title='bbox 2389 5173 2476 5242; x_wconf 87' lang='lat' dir='ltr'><strong>qui</strong></span> <span class='ocrx_word' id='word_1_1113' title='bbox 2521 5182 2692 5244; x_wconf 84' lang='lat' dir='ltr'><strong>potest</strong></span> <span class='ocrx_word' id='word_1_1114' title='bbox 2732 5174 2927 5244; x_wconf 64' lang='lat' dir='ltr'><strong>animm</strong></span> <span class='ocrx_word' id='word_1_1115' title='bbox 2947 5182 3000 5227; x_wconf 87' lang='lat' dir='ltr'><strong>et</strong></span> <span class='ocrx_word' id='word_1_1116' title='bbox 3024 5174 3233 5241; x_wconf 80' lang='lat' dir='ltr'><strong>corpori</strong></span> <span class='ocrx_word' id='word_1_1117' title='bbox 3255 5172 3456 5227; x_wconf 85' lang='lat' dir='ltr'><strong>donare</strong></span> 
     </span>
    </p>
   </div>
   <div class='ocr_carea' id='block_1_152' title="bbox 1879 5243 3453 5306">
    <p class='ocr_par' dir='ltr' id='par_1_152' title="bbox 1879 5243 3453 5306">
     <span class='ocr_line' id='line_1_155' title="bbox 1879 5243 3453 5306; baseline -0.002 -6"><span class='ocrx_word' id='word_1_1118' title='bbox 1879 5248 2038 5301; x_wconf 91' lang='lat' dir='ltr'><strong>vitam</strong></span> <span class='ocrx_word' id='word_1_1119' title='bbox 2087 5243 2363 5301; x_wconf 62' lang='lat' dir='ltr'><strong>aiternam.</strong></span> <span class='ocrx_word' id='word_1_1120' title='bbox 2418 5243 2562 5297; x_wconf 90' lang='lat' dir='ltr'><strong>lllius</strong></span> <span class='ocrx_word' id='word_1_1121' title='bbox 2605 5243 2861 5297; x_wconf 86' lang='lat' dir='ltr'><strong>debemus</strong></span> <span class='ocrx_word' id='word_1_1122' title='bbox 2897 5243 3084 5297; x_wconf 89' lang='lat' dir='ltr'><strong>timere</strong></span> <span class='ocrx_word' id='word_1_1123' title='bbox 3107 5244 3453 5306; x_wconf 84' lang='lat' dir='ltr'><strong>iracundiam,</strong></span> 
     </span>
    </p>
   </div>
   <div class='ocr_carea' id='block_1_153' title="bbox 1879 5313 3456 5388">
    <p class='ocr_par' dir='ltr' id='par_1_153' title="bbox 1879 5313 3456 5388">
     <span class='ocr_line' id='line_1_156' title="bbox 1879 5313 3456 5388; baseline -0.002 -16"><span class='ocrx_word' id='word_1_1124' title='bbox 1879 5319 1967 5388; x_wconf 89' lang='lat' dir='ltr'><strong>qui</strong></span> <span class='ocrx_word' id='word_1_1125' title='bbox 2006 5323 2180 5386; x_wconf 87' lang='lat' dir='ltr'><strong>potest</strong></span> <span class='ocrx_word' id='word_1_1126' title='bbox 2219 5316 2449 5370; x_wconf 88' lang='lat' dir='ltr'><strong>animam</strong></span> <span class='ocrx_word' id='word_1_1127' title='bbox 2482 5324 2533 5371; x_wconf 89' lang='lat' dir='ltr'><strong>et</strong></span> <span class='ocrx_word' id='word_1_1128' title='bbox 2558 5328 2752 5383; x_wconf 86' lang='lat' dir='ltr'><strong>corpus</strong></span> <span class='ocrx_word' id='word_1_1129' title='bbox 2778 5313 2989 5368; x_wconf 90' lang='lat' dir='ltr'><strong>mittere</strong></span> <span class='ocrx_word' id='word_1_1130' title='bbox 3019 5315 3073 5368; x_wconf 91' lang='lat' dir='ltr'><strong>in</strong></span> <span class='ocrx_word' id='word_1_1131' title='bbox 3117 5315 3456 5384; x_wconf 81' lang='lat' dir='ltr'><strong>gehennam:</strong></span> 
     </span>
    </p>
   </div>
   <div class='ocr_carea' id='block_1_154' title="bbox 1942 5494 3456 5563">
    <p class='ocr_par' dir='ltr' id='par_1_154' title="bbox 1942 5494 3456 5563">
     <span class='ocr_line' id='line_1_157' title="bbox 1942 5494 3456 5563; baseline -0.005 -12"><span class='ocrx_word' id='word_1_1132' title='bbox 1942 5505 1960 5535; x_wconf 76' lang='grc' dir='ltr'><strong>ι</strong></span> <span class='ocrx_word' id='word_1_1133' title='bbox 1994 5509 2061 5553; x_wconf 86' lang='lat' dir='ltr'><strong>tta</strong></span> <span class='ocrx_word' id='word_1_1134' title='bbox 2089 5502 2225 5552; x_wconf 83' lang='lat' dir='ltr'><strong>Corb.</strong></span> <span class='ocrx_word' id='word_1_1135' title='bbox 2275 5507 2327 5551; x_wconf 90' lang='lat' dir='ltr'><strong>et</strong></span> <span class='ocrx_word' id='word_1_1136' title='bbox 2362 5499 2666 5563; x_wconf 84' lang='lat' dir='ltr'><strong>antiquiores</strong></span> <span class='ocrx_word' id='word_1_1137' title='bbox 2697 5505 2802 5548; x_wconf 76' lang='lat' dir='ltr'><strong>Mss.</strong></span> <span class='ocrx_word' id='word_1_1138' title='bbox 2834 5504 2908 5547; x_wconf 52' lang='lat' dir='ltr'><strong>&#39;At</strong></span> <span class='ocrx_word' id='word_1_1139' title='bbox 2942 5502 3091 5557; x_wconf 75' lang='lat' dir='ltr'><strong>bov.,</strong></span> <span class='ocrx_word' id='word_1_1140' title='bbox 3132 5494 3456 5545; x_wconf 78' lang='lat' dir='ltr'><strong>anathemati-</strong></span> 
     </span>
    </p>
   </div>
   <div class='ocr_carea' id='block_1_155' title="bbox 1963 5579 3462 5691">
    <p class='ocr_par' dir='ltr' id='par_1_155' title="bbox 1963 5579 3462 5691">
     <span class='ocr_line' id='line_1_158' title="bbox 1963 5579 3462 5691; baseline -0.007 -14"><span class='ocrx_word' id='word_1_1141' title='bbox 1963 5579 2119 5691; x_wconf 48' lang='grc' dir='ltr'><strong>ξ)αέἷο</strong></span> <span class='ocrx_word' id='word_1_1142' title='bbox 2140 5638 2262 5688; x_wconf 89' lang='lat' dir='ltr'><strong>opus</strong></span> <span class='ocrx_word' id='word_1_1143' title='bbox 2276 5623 2455 5691; x_wconf 76' lang='lat' dir='ltr'><strong>desiuit</strong></span> <span class='ocrx_word' id='word_1_1144' title='bbox 2476 5623 2526 5691; x_wconf 83' lang='lat' dir='ltr'><strong>in</strong></span> <span class='ocrx_word' id='word_1_1145' title='bbox 2546 5630 2654 5673; x_wconf 76' lang='lat' dir='ltr'><strong>Mss.</strong></span> <span class='ocrx_word' id='word_1_1146' title='bbox 2677 5628 2790 5680; x_wconf 68' lang='lat' dir='ltr'><strong>Quae</strong></span> <span class='ocrx_word' id='word_1_1147' title='bbox 2811 5620 3173 5691; x_wconf 73' lang='lat' dir='ltr'><strong>subsequuntur</strong></span> <span class='ocrx_word' id='word_1_1148' title='bbox 3193 5653 3208 5679; x_wconf 93' lang='lat'><strong>,</strong></span> <span class='ocrx_word' id='word_1_1149' title='bbox 3231 5632 3328 5691; x_wconf 76' lang='lat' dir='ltr'><strong>non</strong></span> <span class='ocrx_word' id='word_1_1150' title='bbox 3346 5626 3462 5691; x_wconf 76' lang='lat' dir='ltr'><strong>sunt</strong></span> 
     </span>
    </p>
   </div>
   <div class='ocr_carea' id='block_1_156' title="bbox 1877 5683 3458 5748">
    <p class='ocr_par' dir='ltr' id='par_1_156' title="bbox 1877 5683 3458 5748">
     <span class='ocr_line' id='line_1_159' title="bbox 1877 5683 3458 5748; baseline -0.013 -8"><span class='ocrx_word' id='word_1_1151' title='bbox 1877 5683 2146 5748; x_wconf 76' lang='lat' dir='ltr'><strong>Fulgentii;</strong></span> <span class='ocrx_word' id='word_1_1152' title='bbox 2173 5683 2230 5736; x_wconf 67' lang='lat' dir='ltr'><strong>&#39;et</strong></span> <span class='ocrx_word' id='word_1_1153' title='bbox 2259 5700 2289 5735; x_wconf 93' lang='lat' dir='ltr'><strong>a</strong></span> <span class='ocrx_word' id='word_1_1154' title='bbox 2324 5684 2539 5748; x_wconf 83' lang='lat' dir='ltr'><strong>melioris</strong></span> <span class='ocrx_word' id='word_1_1155' title='bbox 2576 5692 2702 5748; x_wconf 65' lang='lat' dir='ltr'><strong>noue</strong></span> <span class='ocrx_word' id='word_1_1156' title='bbox 2722 5683 3075 5748; x_wconf 69' lang='lat' dir='ltr'><strong>planuscriptis,</strong></span> <span class='ocrx_word' id='word_1_1157' title='bbox 3098 5683 3196 5733; x_wconf 85' lang='lat' dir='ltr'><strong>imo</strong></span> <span class='ocrx_word' id='word_1_1158' title='bbox 3218 5683 3281 5732; x_wconf 81' lang='lat' dir='ltr'><strong>ab</strong></span> <span class='ocrx_word' id='word_1_1159' title='bbox 3300 5683 3458 5733; x_wconf 71' lang='lat' dir='ltr'><strong>omni.</strong></span> 
     </span>
    </p>
   </div>
   <div class='ocr_carea' id='block_1_157' title="bbox 1882 5742 2997 5815">
    <p class='ocr_par' dir='ltr' id='par_1_157' title="bbox 1882 5742 2997 5815">
     <span class='ocr_line' id='line_1_160' title="bbox 1882 5742 2997 5815; baseline -0.011 -13"><span class='ocrx_word' id='word_1_1160' title='bbox 1882 5742 2115 5815; x_wconf 54' lang='lat' dir='ltr'><strong>buquuos</strong></span> <span class='ocrx_word' id='word_1_1161' title='bbox 2134 5742 2336 5801; x_wconf 83' lang='lat' dir='ltr'><strong>vidimus</strong></span> <span class='ocrx_word' id='word_1_1162' title='bbox 2359 5747 2611 5798; x_wconf 89' lang='lat' dir='ltr'><strong>veteribus</strong></span> <span class='ocrx_word' id='word_1_1163' title='bbox 2628 5745 2787 5804; x_wconf 86' lang='lat' dir='ltr'><strong>libris,</strong></span> <span class='ocrx_word' id='word_1_1164' title='bbox 2806 5742 2997 5792; x_wconf 84' lang='lat' dir='ltr'><strong>absunt.</strong></span> 
     </span>
    </p>
   </div>
   <div class='ocr_carea' id='block_1_158' title="bbox 2633 5826 3107 5909">
    <p class='ocr_par' dir='ltr' id='par_1_158' title="bbox 2633 5826 3107 5909">
     <span class='ocr_line' id='line_1_161' title="bbox 2633 5826 3107 5909; baseline -0.008 -17"><span class='ocrx_word' id='word_1_1165' title='bbox 2633 5828 2673 5909; x_wconf 93' lang='lat'><em>(</em></span> <span class='ocrx_word' id='word_1_1166' title='bbox 2685 5826 3107 5909; x_wconf 62' lang='grc' dir='ltr'><strong>νέηαι-οἰηᾳᾴ</strong></span> 
     </span>
    </p>
   </div>
  </div>
