3860 6366
184 321 263 379 785
1277 315 1477 371 LIBER
1514 315 1602 371 DE
1639 311 1907 372 SPIIBITU
1944 314 2034 371 ΕΤ
2072 316 2303 372 ANIMA.

188 434 422 494 crescitet
448 430 751 487 humanam
796 430 1017 486 formam
1056 430 1109 484 in
1138 438 1289 485 utero
1313 431 1534 500 recipit,
1566 430 1742 499 prius-

194 504 571 580 qnamanimam
600 502 915 580 rationalem
936 501 1173 580 recipiat.
1187 500 1331 555 Sicut
1344 502 1501 555 etiam
1516 500 1742 580 virgulta

193 570 235 635 ἐι
251 576 417 632 herbas
442 575 565 628 sine
592 573 772 627 anima
788 573 803 603 ¹
826 571 1028 627 moveri
1052 581 1106 625 et
1131 572 1516 627 incrementum
1550 570 1744 625 habere

190 650 411 703 videmus.
456 644 671 713 Duplex
708 652 791 698 est
830 641 1047 713 quidem
1082 641 1201 713 vita
1233 640 1452 713 animae;
1498 641 1614 713 alia
1640 656 1743 713 qua

183 720 289 774 vivit
310 719 358 771 in
383 711 573 779 carne,
606 723 663 769 et
686 714 789 767 alia
812 711 917 784 qua
946 711 1076 767 vivit
1099 714 1150 766 in
1182 712 1311 767 Deo.
1343 711 1459 767 Duo
1484 712 1744 782 siquidem

182 791 223 844 in
246 788 446 843 homine
472 798 674 841 sensus
700 793 853 849 sunt,
886 798 1024 838 unus
1050 784 1271 839 interior
1288 824 1303 849 ,
1346 792 1400 838 et
1427 798 1565 837 unus
1591 790 1743 837 exte-

181 860 302 924 rior,
340 867 393 913 et
421 865 649 927 uterque
675 854 1052 927 bonumsuum
1085 854 1242 927 habet
1268 854 1321 927 in
1361 852 1742 927 quoreﬁcitur.

184 923 355 986 SenSttS
376 923 604 982 interior
624 925 866 981 reficitur
884 925 938 979 in
958 923 1404 994 contemplatione
1433 923 1741 994 divinitatis,

182 1014 345 1056 sensus
370 999 612 1054 exterior
641 997 695 1051 in
724 993 1186 1065 contemplatione
1212 995 1575 1049 humanitatis.
1606 993 1741 1048 Pro-

181 1082 338 1150 pterea
358 1070 500 1150 enim
530 1068 675 1150 Deus
702 1065 1060 1150 homo‘factus
1078 1074 1184 1146 est,
1204 1074 1266 1150 ut
1282 1074 1450 1147 totum
1473 1065 1742 1150 homiuetu

178 1133 223 1195 in
247 1157 299 1195 se
325 1139 654 1194 beatiﬁcaret
677 1178 692 1202 ,
737 1148 791 1192 et
815 1145 925 1191 tota
947 1136 1224 1191 conversio
1251 1136 1483 1191 hominis
1510 1143 1652 1189 esset
1675 1133 1743 1188 ad

177 1210 327 1280 ipsum
346 1252 361 1276 ,
389 1217 445 1263 et
468 1219 590 1285 _tota‘
609 1208 826 1285 dilectio
850 1206 1081 1261 hominis
1107 1216 1249 1262 esset
1290 1207 1344 1261 in
1384 1207 1500 1275 ipso
1518 1247 1533 1272 ,
1563 1220 1687 1285 cum
1700 1218 1742 1285 .a

174 1278 314 1335 sensu
339 1280 515 1334 carnis
541 1278 816 1333 videretur
844 1292 941 1347 per
966 1293 1203 1344 carnem,
1230 1286 1284 1331 et
1307 1291 1339 1330 a
1362 1291 1525 1332 sensu
1551 1278 1744 1330 mentis

171 1352 423 1406 videretur
446 1366 543 1427 per
569 1348 869 1427 divinitatis
886 1348 1424 1427 c_ontemp_lati9ncm._
1438 1347 1547 1427 Hoc
1565 1356 1741 1427 autem

171 1433 271 1477 erat
296 1417 463 1475 totum
492 1421 694 1475 bonum
728 1419 990 1481 hominis,
1022 1426 1081 1473 ut
1102 1417 1214 1473 Sive
1244 1417 1616 1488 ingrederetur
1632 1417 1745 1469 sive

173 1492 536 1561 egrederetur,
580 1505 775 1561 pascua
819 1490 870 1543 in
917 1489 1115 1561 factore
1143 1503 1240 1543 suo
1268 1486 1531 1561 inveniret
1558 1486 1739 1561 (Ioan.

176 1556 221 1627 ιζ
246 1564 335 1632 9);
368 1556 729 1630 pascua'foris
756 1560 808 1614 in
837 1559 1333 1632 carne__Salv_atoris,
1361 1568 1414 1612 et
1440 1572 1633 1628 pascua
1659 1556 1744 1611 in-

171 1642 239 1688 tus
265 1629 317 1687 in
342 1629 624 1687 divinitate
654 1631 943 1685 Creatoris.
985 1629 1099 1686 Hoc
1140 1630 1338 1684 bonum
1380 1644 1627 1697 magnum
1655 1642 1744 1682 sc-

166 1714 333 1758 cntum
360 1712 446 1757 est
471 1703 707 1781 malum;
751 1699 1407 1781 quoniam-perditohono
1431 1699 1573 1770 quod
1599 1699 1744 1781 iptus

162 1783 305 1839 erat,
332 1787 549 1843 egressa
582 1780 669 1827 est
691 1768 869 1849 anima
898 1770 966 1826 ad
1007 1768 1148 1849 bona
1191 1771 1402 1849 aliena,
1447 1768 1571 1839 qua:
1617 1768 1746 1849 foris

159 1854 336 1907 erant;
369 1839 433 1897 et
469 1852 685 1912 pactum
713 1842 836 1897 fecit
879 1857 1001 1896 cum
1044 1839 1743 1912 delectationibussmculi,

160 1910 499 1983 requiescens
518 1928 680 1982 super
707 1912 848 1983 illas,
878 1927 984 1966 non
1006 1912 1284 1966 attendens
1309 1910 1603 1965 absentiam
1619 1910 1745 1983 boni

161 1980 254 2038 sui
272 1984 557 2047 interioris,
584 1980 653 2037 eo
688 1982 830 2053 quod
856 1983 1249 2037 consolationes
1272 1996 1396 2037 suas
1422 1989 1666 2053 cerneret
1689 1980 1744 2034 in

170 2055 334 2109 bonis
353 2054 553 2107 alienis.
572 2052 849 2107 Nam’cum
878 2054 1111 2108 exterior
1138 2068 1327 2107 sensus
1354 2052 1581 2107 carnalis
1603 2052 1745 2106 bono

181 2138 287 2177 suo
306 2124 486 2185 utitur,
502 2124 707 2177 interior
725 2138 918 2178 sensus
939 2126 1132 2178 mentis
1151 2122 1301 2193 quasi
1321 2122 1605 2177 obdormit.
1628 2122 1743 2176 Non

177 2194 328 2275 enim
354 2193 627 2275 cognoscit.
641 2194 763 2248 bona
786 2194 1291 2275 interiorissensus,
1309 2194 1397 2275 qui
1416 2193 1771 2274 iucunditate

177 2265 443 2319 bonorum
469 2265 771 2319 exteriorum
792 2266 1022 2333 capitur.
1045 2263 1178 2320 Nam
1205 2266 1293 2334 qui
1326 2263 1376 2317 in
1407 2279 1569 2318 carne
1594 2263 1743 2331 vivit,

169 2334 228 2388 in
257 2349 420 2389 arnc
440 2336 629 2400 sentit,
673 2345 725 2390 et
769 2336 985 2390 dolores
1022 2336 1200 2389 carnis
1248 2334 1379 2405 fugit
1407 2335 1457 2388 in
1490 2343 1744 2405 quantum

160 2414 361 2477 potest,
408 2406 621 2459 vulnera
668 2416 847 2462 autem
892 2406 1085 2461 animm
1124 2420 1346 2477 prorsus
1386 2405 1613 2477 ignorat,
1647 2418 1748 2460 nec

160 2476 483 2529 medicinam
510 2476 699 2545 quaerit
725 2478 780 2531 in
808 2478 905 2532 eis.
934 2478 1065 2531 Cum
1111 2474 1289 2531 autem
1320 2474 1558 2530 mortuus
1587 2474 1749 2530 fuerit

158 2559 347 2599 sensus
366 2547 562 2599 anima;
587 2589 602 2611 ,
638 2563 746 2616 quo
782 2549 911 2602 vivit
936 2548 989 2601 in
1018 2563 1197 2613 carne,
1233 2556 1357 2601 tunc
1382 2546 1635 2601 viviﬁcari
1667 2547 1748 2600 in-

156 2617 320 2688 cipiet
353 2631 551 2688 sensus
595 2618 717 2683 ille,
765 2634 871 2688 quo
908 2618 1069 2673 sentit
1115 2619 1480 2688 semetipsum,
1525 2626 1580 2672 et
1620 2626 1749 2672 tunc

163 2686 298 2740 sciet
334 2686 553 2743 dolores
597 2704 748 2754 suos,
782 2686 847 2745 et
888 2690 1088 2744 sentire
1134 2686 1350 2758 incipiet
1389 2689 1607 2742 vulnera
1652 2702 1747 2742 sua

157 2766 305 2831 ειυιο
331 2758 547 2831 gravius
573 2771 775 2829 quanto
812 2759 1049 2831 propius.
1096 2758 1261 2831 Magis
1283 2759 1425 2831 enim
1452 2760 1605 2831 obest
1631 2773 1746 2831 ma-

161 2827 273 2881 lum
297 2827 557 2901 quodest
591 2827 766 2900 inagis
808 2827 1071 2895 vicinum;
1116 2838 1171 2885 et
1186 2827 1379 2901 'magis
1406 2829 1625 2900 prodest
1653 2828 1748 2884 bo-

162 2913 290 2951 num
318 2899 457 2970 quod
486 2901 662 2971 magis
689 2899 773 2956 est
799 2902 1063 2957 intimum.

229 2992 453 3066 CAqu
482 2990 579 3066 ⁸Χ.
645 2991 896 3066 δρὶιθὶιιωἒ
924 2992 1004 3066 (a),
1029 2992 1258 3066 Spiritus
1319 2991 1750 3066 dicitur‘multis

156 3064 351 3119 modis.
382 3063 853 3135 Diciturnamque
869 3063 1098 3135 Spiritus
1136 3065 1307 3131 Deus,
1337 3073 1392 3119 et
1416 3080 1508 3119 aer
1537 3063 1665 3127 iste,
1696 3071 1751 3118 et

158 3135 317 3190 ﬂatus
354 3134 496 3189 aeris
525 3134 617 3204 qui
657 3148 688 3187 a
731 3134 1178 3205 corde’receptus
1214 3147 1267 3189 et
1311 3135 1434 3190 inde
1457 3149 1552 3204 per
1579 3142 1749 3189 totum

163 3220 361 3272 corpus
383 3206 615 3259 emissus
644 3206 947 3260 mortalium
971 3206 1131 3260 vitam
1155 3206 1283 3261 llatu
1304 3205 1606 3261 necessario
1624 3220 1752 3260 con-

168 3276 323 3329 tinet.
353 3274 453 3330 Iste
480 3285 659 3329 tamen
690 3274 907 3345 spiritus
927 3278 1072 3345 jure'
1089 3278 1263 3330 anima
1292 3276 1399 3331 dici
1424 3292 1530 3330 non
1547 3286 1746 3345 potest,

163 3347 288 3416 quia
322 3347 463 3400 aeris
491 3347 749 3401 varietate
772 3346 1104 3402 dissolvitur.
1144 3347 1344 3401 Dicitur
1382 3348 1600 3416 spiritus
1632 3349 1750 3403 ani-

162 3432 277 3481 ma,
305 3417 421 3488 sive
446 3416 700 3488 hominis,
729 3417 843 3472 sive
868 3418 1097 3488 pecoris.
1131 3418 1333 3473 Dicitur
1356 3418 1573 3488 spiritus
1599 3435 1753 3477 mens

162 3486 591 3560 rationalis,_ubi
618 3496 702 3541 est
725 3487 968 3560 quzedam
1008 3488 1236 3560 scintilla
1273 3486 1523 3560 tanquam
1566 3491 1752 3547 oculus

172 3556 389 3629 animae,
432 3556 495 3629 ad
534 3573 691 3627 quem
740 3556 971 3628 pertinet
1014 3557 1229 3629 imago'
1272 3568 1327 3615 et
1361 3556 1591 3629 cognitio
1635 3562 1743 3617 Dei.

173 3625 382 3702 Oculus
415 3625 593 3682 anima:
635 3638 718 3683 est
741 3625 893 3702 ineas
916 3629 987 3702 ab
1009 3625 1157 3702 omni
1180 3625 1573 3702 corporis'labe
1588 3646 1715 3702 pura
1731 3675 1749 3702 ,

170 3696 381 3751 mentis
407 3706 647 3766 aspectus
675 3710 759 3754 est
788 3700 943 3765 ratio,
975 3696 1294 3756 intellectus
1307 3701 1459 3755 visio.
1490 3696 1613 3757 Tria
1638 3696 1753 3758 haec

164 3768 320 3821 omni
347 3768 537 3843 anima:
561 3770 863 3843 necessaria
888 3780 1013 3843 sunt
1037 3789 1048 3823 :
1075 3779 1131 3825 ut
1153 3786 1314 3843 sanos
1334 3773 1515 3843 oculos
1534 3771 1749 3843 habeat,

164 3848 224 3892 ut
264 3839 522 3908 aspiciat,
562 3850 623 3893 ut
663 3840 859 3895 videat.
901 3841 1074 3896 Sanos
1112 3842 1296 3898 oculos
1343 3842 1525 3907 habet,
1565 3859 1686 3898 cum
1720 3839 1752 3900 a

167 3910 477 3983 mortalium
525 3910 904 3983 cupiditatibus
945 3921 1028 3967 est
1070 3920 1287 3983 purgata
1325 3921 1483 3979 atque
1521 3924 1751 3971 remota.

171 3980 409 4061 aspicit,
433 3996 563 4061 _cum
596 3980 661 4035 in
692 3981 794 4061 Dei
831 3983 1027 4061 lumine
1065 3980 1528 4061 contemplationis
1571 3986 1754 4061 oculos

179 4050 301 4119 ﬁgit.
348 4051 548 4125 Videt,
606 4066 726 4125 cum
781 4053 833 4106 in
872 4054 959 4109 illa
1008 4050 1454 4124 contemplatione
1495 4057 1756 4125 conspicit

184 4131 367 4190 quanta
395 4122 507 4176 sint
532 4124 721 4195 gaudia
741 4166 756 4191 ,
788 4135 982 4194 quanta
1013 4122 1433 4195 lretitia,'quanta
1458 4122 1714 4182 securitas
1734 4169 1750 4195 ,

180 4201 367 4315 militum
393 4194 659 4248 serenitas
682 4235 699 4260 ,
734 4203 788 4248 et
812 4206 1007 4265 quanta
1031 4194 1355 4265 jucunditas.
1386 4196 1598 4252 Sanitas
1627 4194 1756 4255 facit

180 4262 191 4273 ’
266 4280 317 4315 m
344 4279 630 4315 securam.
657 4275 905 4315 asnectus
946 4276 1172 4315 rectam-
1202 4267 1337 4315 visio
1363 4268 1592 4315 beatam-
1622 4270 1754 4315 Cum

180 4262 317 4317 illam
344 4279 630 4330 securam,
657 4262 905 4333 aspectus
945 4262 1172 4331 rectam,
1202 4267 1337 4321 visio
1362 4268 1592 4323 beatam.
1622 4270 1756 4325 Cum

180 4335 316 4387 enim
355 4334 521 4408 fuerit
551 4334 621 4408 ab
656 4338 800 4408 omni
844 4336 975 4391 fame
1018 4338 1183 4392 libera
1210 4339 1536 4408 maculisque
1559 4338 1751 4408 diluta,

182 4412 300 4477 tunc
339 4419 401 4477 se
443 4406 677 4477 denique
720 4407 773 4459 in
817 4420 875 4460 se
915 4408 1027 4477 ipsa
1070 4408 1417 4463 libentissime
1452 4406 1659 4476 _tenet‘,
1705 4406 1760 4466 et

180 4474 305 4529 nihil
330 4476 429 4530 sibi
471 4476 660 4551 metuit
683 4517 699 4542 ,
730 4485 823 4551 aut
847 4474 952 4531 ulla
964 4494 1081 4551 _sua
1110 4479 1262 4548 culpa
1289 4480 1591 4551 quidquam
1611 4474 1759 4551 angi.

185 4552 265 4597 tur
289 4556 384 4619 :_et
422 4555 549 4619 tunc
597 4546 798 4619 ingenti
841 4548 1065 4619 quadam
1124 4560 1174 4604 et
1203 4546 1519 4605 incredibili
1568 4546 1759 4608 fiducia

187 4616 347 4695 pergit
368 4618 431 4695 _in
479 4616 673 4683 Deum,
712 4617 765 4672 id
804 4616 904 4695 es't,
934 4620 1002 4695 _in
1050 4621 1219 4689 ipsam
1256 4621 1759 4695 contemplationem

184 4689 444 4770 veritatis;
489 4697 762 4770 aspectum
791 4690 1071 4770 .siquidem
1114 4700 1318 4770 reatum
1362 4693 1602 4770 sequitur
1648 4695 1761 4763 ipsa

185 4755 313 4811 visio
337 4759 453 4827 Dei,
486 4755 576 4829 qui
603 4767 688 4833 est
715 4758 835 4833 linis
872 4755 1137 4831 aspectus.
1166 4760 1267 4833 _Sic
1300 4755 1473 4817 anima
1503 4762 1650 4833 prius
1668 4755 1764 4817 ’δει-

191 4836 355 4905 natur,
386 4839 571 4905 sanata
600 4830 985 4905 introducitur,
1006 4831 1305 4905 introducta
1334 4830 1609 4905 relit-ituri.
1638 4834 1761 4905 Spi-

192 4897 316 4973 ritus
353 4903 512 4956 etiam
537 4910 637 4973 _est
660 4901 901 4971 quaedam
938 4904 1020 4958 vis
1048 4903 1239 4957 animae
1259 4944 1275 4968 ,
1306 4913 1483 4958 mente
1510 4897 1760 4973 inferior,

191 4966 273 5056 tibi
311 4966 693 5053 eorporalium'
717 4988 897 5027 rerum
947 4966 1321 5056 similitudines
1367 4966 1762 5056 .exprimunAtur.

192 5035 291 5115 Nec
449 5042 671 5115 spiritus
695 5057 889 5113 corpus
913 5054 1015 5111 est,
1048 5045 1140 5099 sed
1170 5046 1379 5114 corpori
1408 5035 1615 5101 similis.
1636 5048 1765 5115 Qua:

193 5110 540 5184 enim'spiri'tu
565 5110 843 5182 videntur,
873 5129 979 5170 non
1008 5124 1131 5171 sunt
1158 5110 1453 5187 corporalia
1476 5160 1491 5185 ,
1523 5119 1617 5174 sed
1645 5110 1766 5174 cor-

1162 5337 1404 5391 rationali.

248 5396 269 5427 θ
509 5406 641 5469 ιδεμ
664 5399 797 5469 υξιωο

249 5458 269 5491 ³
300 5461 435 5521 Edita,
459 5468 757 5523 unagmatw.

250 5526 270 5550 ⁵
301 5523 444 5583 Editi,
470 5521 801 5573 liberalissime
823 5530 965 5575 tenet.

248 5583 271 5653 ξ
301 5589 381 5653 ys.
410 5585 743 5653 taedai-densis
766 5586 925 5653 addit,
948 5586 1129 5653 scilicet
1150 5601 1237 5652 per
1260 5587 1563 5653 sapientiam.

210 5644 398 5713 l_(a)£x
423 5645 514 5713 iib.
540 5647 603 5713 te
618 5647 825 5713 μερίδα.
849 5644 919 5697 ad
942 5650 1065 5709 l.itt.,
1108 5644 1179 5713 ce.
1224 5653 1282 5711 7,
1316 5644 1407 5712 '23;
1450 5666 1511 5700 ex
1544 5652 1775 5703 “b.150-

184 5703 662 5835 6,2un.12,
692 5710 765 5771 l3,
786 5716 838 5760 et
853 5724 917 5761 ex
937 5703 1077 5775 ιιυεξ,
1105 5712 1190 5761 lib.
1214 5703 1280 5764 de
1299 5703 1603 5765 Sacramento
1623 5715 1771 5781 Fidei,

3326 328 3426 385 786

1850 428 2120 552 poralibus
2158 428 2371 482 similia.
2419 429 2606 485 Facies
2644 432 2903 503 siquidem
2936 434 3165 492 hominis
3190 447 3243 492 et
3269 438 3421 493 nobis

1872 498 2145 552 orinsecus
2170 507 2292 552 nota
2313 508 2413 552 est.
2444 508 2500 552 et
2529 501 2580 552 in
2607 504 2861 552 memoria
2893 514 3071 552 nostra
3102 506 3261 552 halm
3290 508 3421 552 ima—

1872 498 2145 553 orinsecus
2170 507 2292 552 nota
2313 508 2413 565 est,
2444 508 2500 554 et
2529 501 2580 554 in
2607 498 2861 558 memoria
2893 514 3073 559 nostra
3102 506 3261 561 habet
3290 508 3422 561 ima-

1848 569 2021 646 ginem
2064 584 2246 646 suam,
2285 568 2672 646 incorporalem
2702 574 2952 646 quidem,
2986 576 3077 630 sed
3107 577 3318 646 corpori
3353 576 3423 630 si-

1848 638 2254 716 milequpnd.
2284 638 2493 710 quoque
2518 638 2949 716 istiusmirabilis
2977 638 3339 716 pulchritudo,
3371 654 3427 701 et

1850 710 2002 780 nobis
2044 708 2172 764 foris
2214 708 2422 780 praesto
2447 720 2561 777 est,
2592 722 2645 767 et
2671 714 2721 767 in
2750 708 3003 770 memoria
3046 726 3227 773 nOstra
3268 717 3425 771 habet

1846 779 2132 857 imaginem
2160 779 2310 857 suam
2334 821 2348 845 ,
2391 781 2778 857 incorporalem
2808 784 3018 857 quidem
3041 830 3054 852 ,
3094 788 3184 842 sed
3216 785 3427 857 corpori

1828 850 2097 921 ,similem,
2126 851 2193 905 ad
2216 866 2377 921 quam
2409 850 2734 908 recurrimus
2754 850 2872 909 cuin
2900 850 3093 911 clausis
3119 858 3286 914 oculis
3307 850 3428 913 eam

1847 920 2160 995 cogitamus.
2194 920 2345 995 Quod
2392 923 2541 995 enim,
2574 934 2656 978 est
2696 924 2763 979 ad
2809 927 3046 995 corporis
3075 944 3289 982 sensum
3333 928 3434 982 ali-

1847 990 1991 1060 quOd
2024 1006 2218 1060 corpus
2250 994 2299 1046 in
2328 993 2446 1047 loco
2466 1034 2481 1059 ,
2531 994 2632 1048 hoc
2658 1006 2741 1050 est
2768 995 2833 1050 ad
2860 990 3021 1050 animi
3048 999 3215 1055 aciem
3244 998 3434 1052 simili-

1848 1061 1978 1135 tudo
2028 1063 2268 1135 corporis
2331 1064 2384 1117 in
2445 1066 2699 1119 memoria
2735 1084 2747 1117 :
2778 1076 2833 1121 et
2890 1066 3031 1135 quod
3079 1079 3161 1122 est
3209 1069 3433 1122 intentio

1848 1131 2135 1208 _volunlatis
2156 1133 2221 1208 ad
2244 1148 2437 1208 corpus
2460 1135 2633 1190 visum
2660 1131 3025 1207 visioneniquc
3053 1138 3429 1208 copulandam,

1848 1200 1952 1283 hoc
1995 1212 2075 1283 est
2119 1202 2305 1259 eadem
2342 1200 2577 1283 intentio
2622 1208 2908 1283 voluntatis
2940 1200 3026 1261 'ad
3073 1200 3434 1283 populandam

1850 1276 2137 1345 imaginem
2166 1276 2437 1343 corporis,
2484 1293 2602 1345 qua:
2644 1287 2725 1331 est
2767 1278 2817 1331 in
2863 1280 3118 1333 memoria
3146 1276 3201 1335 et
3229 1282 3434 1334 visione

1849 1344 2151 1421 cogitantis.
2187 1344 2526 1421 llle_spir_itus
2552 1347 2745 1401 dicitur
2775 1348 2943 1421 factus
2969 1350 3033 1402 ad
3054 1350 3350 1421 imaginem
3379 1360 3436 1404 et

1850 1414 2247 1489 similiiudinem
2274 1415 2391 1489 Dei,
2412 1417 2461 1489 in
2478 1432 2584 1489 quo
2601 1429 2681 1472 est
2703 1420 2931 1489 Cognitio
2953 1414 3257 1476 v'et-itatisel
3281 1436 3438 1475 amor

1849 1484 2078 1559 virtutis.
2105 1485 2288 1559 _lmago
2319 1484 2578 1559 siquidem
2619 1498 2701 1542 est
2726 1484 2792 1542 in'
2813 1492 3135 1559 cognitione,
3165 1501 3219 1547 et
3244 1491 3436 1545 simili-

1851 1553 1980 1627 tudo
2007 1555 2058 1607 in
2087 1553 2394 1610 dilectione.
2424 1555 2601 1627 Imago
2626 1600 2639 1624 ,
2673 1561 2793 1627 quia
2822 1553 3132 1626 ralionalisi
3160 1572 3212 1616 ct
3240 1562 3434 1615 simili-

1852 1624 2008 1699 tudo,
2050 1627 2171 1699 quia
2198 1627 2503 1699 spiritualis.
2538 1624 2720 1683 Haeret
2760 1631 3021 1699 siquidem
3050 1624 3258 1687 veritati
3287 1633 3434 1686 nulla

1850 1694 2165 1770 interposita
2196 1694 2508 1770 substantia.
2556 1694 2836 1754 Rationale
2874 1704 3142 1756 nostrum'
3167 1743 3181 1767 ,
3218 1719 3322 1770 quo
3351 1718 3437 1756 ra-

1849 1766 2186 1841 iiocinamur,
2204 1766 2563 1841 intelligimus,
2584 1778 2638 1825 et
2651 1771 2905 1841 sapimus,
2925 1766 3173 1841 Spiritum
3188 1766 3435 1827 dicimus.

1852 1835 2005 1909 Hunc
2030 1848 2204 1909 autem
2244 1835 2488 1907 spiritum
2517 1835 2805 1909 Apostolus
2832 1835 3062 1896 mentem
3095 1853 3285 1908 vocat,
3313 1858 3435 1897 cum

1850 1906 1998 1985 dicit,
2028 1906 2366 1985 Renovantini
2385 1906 2577 1985 {spiritu
2591 1912 2768 1985 utentia
2792 1922 2968 1966 vestra:
2991 1913 3203 1983 (Ephes.
3226 1906 3298 1978 tv,
3315 1912 3433 1985 25);

1850 1975 1903 2030 id
1930 1988 2032 2039 est,
2066 1988 2263 2041 mente,
2297 1975 2429 2033 nihil
2455 1981 2596 2034 enim
2624 1981 2766 2035 aliud
2806 1992 2888 2037 est
2934 1975 3154 2050 spiritus
3204 1975 3434 2048 mentis,

1850 2062 2007 2115 qnam
2039 2063 2192 2103 mens
2216 2067 2227 2102 :
2250 2050 2386 2103 sicut
2409 2065 2601 2120 corpus
2624 2052 2821 2119 carnis,
2851 2053 2983 2108 nihil
3005 2054 3147 2109 aliud
3169 2065 3249 2110 est
3276 2069 3437 2125 quam

1850 2132 1995 2171 031⁸0.

1920 2188 2145 2262 CAPUT
2200 2189 2501 2262 Xl.__Mens
2551 2192 2685 2245 unde
2737 2193 2890 2247 dicta.
2951 2193 3203 2262 Differam
3259 2210 3434 2248 sensus

1851 2260 2245 2335 etiipiaginatio.
2287 2259 2547 2335 Dimensio
2583 2259 3096 2335 animmSapieniia.
3128 2264 3432 2320 Prudentia.

1852 2328 1926 2399 (a)
1952 2328 2099 2400 Mens
2121 2339 2295 2384 autem
2314 2331 2505 2385 dicitur
2533 2347 2563 2385 a
2593 2345 2738 2399 μήνη.
2764 2328 2901 2396 Μήνῆ
2927 2346 3101 2391 autem
3125 2335 3331 2400 (ἶνιυεθ,
3358 2337 3438 2389 Ia-

1854 2401 1959 2472 tine
1990 2399 2349 2472 dicituriluna.
2381 2402 2445 2456 Et
2471 2404 2609 2456 sicut
2638 2404 2759 2457 luna
2785 2406 2976 2460 crescit
2999 2414 3053 2460 et
3077 2399 3357 2472 decrescit,
3386 2415 3442 2461 et

1851 2470 1995 2547 varia
2022 2470 2383 2547 vicissitudine
2404 2481 2657 2541 mutatur,
2682 2476 2733 2547 in
2758 2475 2806 2547 id
2831 2484 3007 2531 tamen
3028 2478 3168 2546 quod
3196 2476 3290 2531 fuit
3310 2470 3442 2547 qua-

1851 2540 1971 2595 dam
2002 2540 2231 2610 perfecta
2262 2542 2495 2597 novitate
2522 2558 2578 2597 se
2604 2546 2833 2598 restituit
2863 2564 2875 2599 :
2907 2547 2983 2601 sic
3008 2540 3160 2602 nicas
3188 2540 3444 2602 nunc-ca-

1854 2622 1946 2683 put
1973 2612 2196 2665 summis
2228 2614 2430 2679 inserit,
2461 2628 2601 2668 nunc
2625 2614 2823 2669 decidit
2846 2617 2898 2670 in
2925 2617 3124 2683 inﬁma,
3154 2634 3294 2673 nunc
3321 2632 3443 2675 sese

1852 2681 2090 2757 referens
2118 2682 2220 2757 sibi
2240 2684 2605 2757 ',_verisifalsa
2636 2686 2937 2757 redarguit;
2970 2681 3130 2742 modo
3156 2687 3222 2742 ad
3251 2703 3444 2757 corpo-

1853 2752 1979 2806 ralia
2010 2752 2235 2821 regenda
2265 2753 2583 2821 deflectitur,
2617 2756 2775 2810 modo
2798 2752 3012 2813 aeternis
3039 2758 3330 2815 rationibus
3349 2752 3443 2813 in-

1853 2823 2138 2899 spiciendis
2162 2823 2243 2877 vel
2271 2826 2616 2899 consulendis
2637 2826 2972 2886 adhaarescit.
3004 2829 3154 2884 [latio
3180 2828 3444 2899 siquidem

1854 2901 1936 2969 est
1970 2893 2165 2969 mentis
2196 2904 2443 2969 aspectus
2472 2911 2575 2965 quo
2604 2897 2801 2969 bonum
2837 2908 2891 2954 et
2925 2900 3120 2955 ntalem
3150 2893 3443 2969 discernit,

1854 2963 2075 3051 virtutes
2099 2963 2270 3046 eligii,
2296 2963 2565 3035 Deumque
2586 2968 2773 3051 diligit.
2799 2970 3335 3051 h‘lensuniversorum
3355 2963 3446 3051 ca;

1855 3048 1987 3102 pax,
2018 3044 2073 3111 et
2096 3036 2334 3111 omnium
2367 3052 2543 3111 rerum
2581 3036 2925 3111 similitudine
2954 3042 3198 3111 insignita
3221 3084 3234 3106 ,
3263 3042 3446 3098 omnia

1855 3118 1976 3180 esse
2006 3104 2459 3180 diciiunnatu‘rali
2489 3108 2713 3180 quadam
2754 3112 2987 3180 potentia
3014 3104 3084 3167 et.
3104 3104 3331 3167 naturali
3357 3111 3444 3168 di-

1853 3174 2073 3247 gnitate.
2115 3174 2316 3230 Idcirco
2340 3174 2644 3247 invisibiles
2682 3174 2858 3233 rerum
2895 3196 3082 3236 causas
3122 3198 3217 3247 per
3246 3183 3445 3238 intelli-

1855 3245 2086 3315 gentiam
2116 3246 2551 3316 comprchendit,
2585 3258 2637 3304 et
2666 3250 2901 3304 visibiles
2933 3245 3215 3305 actualium
3247 3252 3447 3309 formas

1856 3329 1954 3386 per
1981 3332 2235 3390 sensuum
2263 3320 2538 3387 passiones
2560 3319 2779 3388 colligit.
2810 3320 2873 3373 Et
2898 3322 3010 3375 sive
3042 3336 3136 3390 per
3164 3336 3353 3376 sensus
3377 3321 3446 3378 ad

1855 3386 2126 3460 sensibilia
2157 3386 2342 3455 exeat,
2376 3390 2486 3460 sive
2517 3404 2610 3459 per
2638 3386 3129 3460 intelligentiam'ad
3162 3391 3447 3449 invisibilia

1854 3458 2129 3544 ascendat,
2151 3474 2327 3540 rerum
2351 3459 2723 3544 similitudiues
2746 3458 2889 3544 ause
2916 3464 3081 3544 ipsam
3104 3462 3286 3544 trahit,
3310 3476 3450 3544 praef

1856 3529 2024 3609 sentin
2052 3530 2342 3609 cognoscit,
2371 3530 2607 3609 absentia
2635 3531 2898 3609 intelligit,
2929 3529 3105 3609 iguota
3132 3529 3369 3609 inquirit,
3393 3541 3449 3590 et

1856 3598 1909 3652 in
1940 3598 2177 3671 inventis
2190 3609 2449 3654 versatur.
2478 3600 2753 3656 Rationale
2778 3598 2831 3657 et
2862 3598 3219 3659 intellectuale
3244 3598 3446 3671 lumen,

1895 3683 1962 3743 uo
1996 3670 2408 3743 ratiocinamur,
2448 3671 2791 3741 intelligimus
2819 3682 2873 3727 et
2909 3674 3178 3743 sapimus,
3210 3670 3449 3730 mentem

1896 3739 2110 3813 icimus,
2140 3756 2257 3810 qua:
2285 3740 2353 3793 ita
2384 3741 2517 3795 facta
2545 3739 2718 3795 est'ad
2752 3739 3032 3813 imaginem
3067 3744 3185 3810 Dei,
3218 3751 3273 3797 ut
3301 3744 3450 3801 nulla

1857 3809 2170 3881 interposita
2212 3820 2393 3881 natura
2444 3813 2510 3867 ab
2553 3813 2664 3881 ipsa
2716 3809 2936 3869 veritate
2979 3815 3255 3870 formetur.
3300 3814 3451 3871 Mens

1857 3880 2087 3955 enich
2111 3896 2175 3955 eo
2199 3880 2343 3955 dicta
2358 3890 2440 3937 est
2462 3880 2602 3952 quod
2626 3885 2855 3939 emineat
2882 3886 2933 3939 in
2958 3886 3133 3939 anima
3161 3903 3173 3937 :
3202 3896 3452 3955 prmstan-

1860 3951 1964 4005 tior
1987 3952 2259 4026 _siquideut
2299 3953 2378 4026 vis
2414 3951 2605 4026 animm
2634 3966 2713 4009 est
2734 3998 2748 4022 ,
2778 3971 2805 4008 a
2839 3971 2939 4025 qua
2974 3951 3216 4026 procedit
3249 3956 3449 4012 intelli-

1858 4023 2054 4096 gentia.
2088 4023 2189 4077 Per
2219 4023 2617 4096 intelligentiam
2654 4027 2831 4096 utique
2853 4023 3025 4093 ipsain
3055 4029 3331 4082 veritatem
3364 4028 3451 4082 in-

1860 4092 2044 4162 telligit
2064 4131 2078 4156 ,
2110 4109 2202 4161 per
2232 4092 2543 4162 sapientiam
2574 4092 2764 4164 diligit:
2800 4092 3068 4164 Sapientia
3106 4113 3335 4164 namque
3367 4106 3452 4156 est

1860 4177 2017 4237 amori
2037 4164 2163 4237 boni
2185 4165 2295 4217 sive
2322 4180 2485 4237 sapor
2506 4165 2649 4237 boni,
2676 4182 2704 4217 a
2730 4180 2921 4234 sapore
2945 4167 3207 4237 siquidem
3232 4164 3449 4223 dicitur.

1858 4232 2051 4287 Mentis
2070 4234 2203 4318 visio
2223 4234 2666 4318 estiutelligentia
2687 4251 2701 4298 ;
2726 4232 2928 4318 gustus,
2952 4232 3208 4318 sapientia
3231 4246 3330 4318 est.
3356 4238 3452 4318 Illa

1862 4304 2273 4373 contemplatur,
2304 4304 2401 4357 ista
2426 4304 2744 4358 delectatur.
2766 4307 2897 4359 Cum
2922 4307 2989 4360 ab
3018 4304 3358 4362 inferioribus
3383 4306 3453 4362 ad

1862 4375 2136 4444 superiora
2158 4375 2398 4428 volumus
2416 4375 2722 4440 ascendere,
2747 4377 2894 4444 prius
2913 4377 3142 4430 occurrit
3163 4377 3315 4431 nobis
3336 4392 3454 4432 seu-

1863 4458 1973 4509 sus,
2004 4444 2196 4499 deinde
2226 4444 2549 4514 imaginatio,
2578 4456 2761 4515 postea
2787 4447 2942 4511 ratio,
2972 4446 3271 4502 intellectus
3293 4456 3346 4501 et
3370 4448 3452 4501 in-

1865 4515 2174 4587 telligentia,
2198 4524 2252 4569 ct
2273 4515 2324 4587 in
2348 4530 2555 4569 summo
2578 4526 2658 4587 est
2679 4517 2957 4587 sapientia.
2981 4517 3199 4572 Summa
3221 4532 3453 4587 namque

1864 4586 2124 4659 sapientia
2157 4587 2271 4659 ipse
2290 4586 2570 4659 _De_us_est.
2599 4586 2869 4656 Sapientia
2895 4587 3125 4642 hominis
3151 4598 3233 4643 est
3258 4586 3453 4659 pietas,

1864 4656 1917 4710 id
1947 4666 2028 4711 est
2047 4698 2061 4723 ,
2091 4656 2263 4711 cultus
2290 4656 2406 4710 Dei.
2434 4657 2632 4712 Sensus
2663 4672 2723 4711 ea
2758 4658 2838 4711 vis
2863 4659 3053 4714 animm
3076 4667 3188 4725 est,
3213 4656 3331 4729 qua:
3361 4656 3453 4715 rci-

1866 4742 1985 4781 rum
2004 4742 2386 4799 _corporearum
2413 4742 2698 4799 corporeas
2721 4729 2942 4799 percipit
2958 4730 2979 4760 ³
3000 4729 3198 4784 formas
3221 4747 3427 4799 praesen
3441 4763 3458 4775 -

1869 4806 1968 4852 tes.
2003 4797 2310 4869 lmaginatio
2335 4806 2417 4853 est
2442 4814 2503 4851 ea
2535 4798 2616 4873 vis
2648 4801 2840 4873 animae
2860 4797 2883 4865 ,“
2903 4816 3022 4873 quae
3052 4797 3231 4856 reruni
3265 4818 3460 4873 corpo-

1867 4883 2079 4923 rearum
2104 4884 2387 4938 corporeas
2414 4870 2637 4940 percipit
2662 4869 2882 4937 formas,
2910 4869 3004 4926 Sed
3030 4874 3299 4928 absentes.
3325 4869 3463 4928 Sen-

1869 4955 1960 4993 sus
1998 4954 2227 5013 namque
2264 4941 2460 4993 formas
2500 4941 2550 4993 in
2598 4942 2813 5013 materia
2859 4944 3108 5012 percipit,
3151 4943 3462 5013 imaginatio

1869 5020 2017 5065 extra
2044 5012 2320 5081 materiam
2350 5028 2364 5066 :
2388 5020 2441 5065 et
2468 5026 2528 5065 ea
2559 5012 2638 5065 vis
2663 5028 2781 5081 quae
2808 5014 3042 5067 exterius
3067 5012 3312 5078 formata,
3338 5031 3464 5069 sen-

1871 5081 2195 5154 susdicitur,
2218 5080 2403 5154 eadem
2432 5098 2596 5154 usque
2622 5080 2693 5135 ad
2718 5084 2959 5138 intimum
2984 5084 3244 5150 traducta,
3275 5085 3465 5154 imagi-

1872 5152 2017 5207 natio
2049 5162 2291 5224 vocatur.
2321 5152 2632 5223 lmaginatio
2663 5170 2891 5224 namque
2917 5156 2982 5210 de
3007 5170 3166 5210 sensu
3192 5152 3464 5219 oritur,'et

1873 5223 2164 5296 secundum
2188 5224 2303 5293 ejus
2328 5224 2667 5296 diversitates
2688 5223 2854 5295 ipsius
2875 5242 3083 5296 quoque
3109 5235 3191 5280 est
3215 5224 3461 5296 variatio.

1872 5293 2035 5349 Multa
2084 5294 2226 5349 videt
2270 5295 2445 5349 anima
2489 5293 2793 5352 carnalibus
2835 5293 3045 5365 oculis,
3093 5297 3256 5352 multa
3298 5294 3464 5353 etiam

1943 5467 1960 5497 ³
1996 5462 2215 5514 Nonnulli
2237 5470 2366 5525 Mss,
2388 5463 2625 5516 Rationale
2648 5479 2758 5519 vero
2780 5474 3008 5520 nostrum.

1944 5528 1964 5557 ³
1998 5528 2130 5586 Editi,
2149 5527 2375 5589 inferens.

1946 5589 1967 5654 ξ
1999 5590 2119 5654 ΕΔΜ
2143 5588 2219 5637 hic
2242 5598 2291 5654 et
2306 5602 2441 5654 mox,
2457 5588 2654 5654 _recipt't.

1944 5650 2015 5712 (a)
2048 5656 2113 5699 Ex
2130 5652 2421 5719 Cassiodoro,
2439 5651 2504 5700 de
2526 5650 2713 5719 Anima,
2741 5666 2876 5719 capp.
2907 5655 2950 5719 t,
2980 5655 3041 5714 7;
3078 5660 3203 5703 Isaac
3223 5665 3284 5719 ex
3310 5651 3468 5719 Ste_ll.;

1886 5722 2190 5825 uxtﬂuggéle
2212 5714 2276 5762 de
2302 5714 2484 5764 Unionc
2507 5716 2719 5775 corporis
2737 5723 2786 5765 ct
2804 5714 3018 5778 spiritus,
3049 5725 3100 5766 ct
3126 5714 3354 5768 uiecllau.
3382 5714 3469 5777 lib;

1924 5810 1938 5837 ,
1952 5782 2025 5825 ut.
2054 5782 2159 5825 ise.
