3860 6366
443 251 541 309 8H

441 370 583 426 Deus
600 364 764 422 donet
790 363 995 418 animas
1024 359 1131 429 illis
1148 372 1283 429 quos
1311 357 1515 429 absque
1534 354 1778 429 remedio
1805 355 2023 429 salutari

440 424 579 496 mori
606 434 884 506 contingit;
909 424 1326 506 responde-mus,
1354 424 1495 498 quod
1516 424 1691 481 divina
1721 425 1987 506 institutio
2004 465 2022 491 ,

478 526 545 567 ua
572 523 661 565 res
678 517 735 562 et
758 496 935 560 rErum
962 496 1164 557 natura:
1193 496 1492 555 conduntur
1511 538 1525 565 ,
1555 512 1655 553 nec
1678 505 1894 566 peccato
1919 496 2020 551 tol-

441 567 588 655 litur,
602 592 700 655 nec
714 572 971 655 violentia
979 571 1318 655 praepeditur.
1335 568 1459 652 Inde
1474 578 1556 623 est
1570 568 1710 650 quod
1733 567 1816 655 lex
1833 582 2023 655 carna-

431 651 508 709 lis
534 637 737 720 copula:
756 687 776 720 ,_
799 660 897 720 nec
925 637 1164 720 etiamin
1192 642 1345 696 malis
1363 637 1606 720 jure.su_o
1627 640 1882 720 privatur.
1911 637 2024 720 Ge-

442 708 631 778 neran't
660 708 884 772 adulteri
907 758 921 779 ,
952 713 1330 779 fornicatores,
1366 708 1580 780 profani
1611 708 1637 764 :7
1662 708 1915 764 naturalis
1942 719 2035 765 ta-.

442 808 563 848 men
588 787 848 846 institutio
875 800 974 841 nec
1000 786 1050 839 in
1073 784 1266 841 talibus
1288 779 1514 853 deperit.
1539 779 1733 836 Natura
1760 796 1986 853 namque
2006 820 2022 845 ,

445 870 605 932 prout
627 856 765 916 Deus
793 856 1040 932 instituit,
1066 853 1207 932 quod
1232 850 1386 910 suum
1415 862 1498 907 est
1516 860 1797 932 eperatur.
1827 850 2027 932 Natura

442 920 814 1004 liquidem‘est
849 920 1194 1004 quaedam'vis
1236 934 1292 1004 et
1328 920 1571 1004 potentia
1592 922 1841 976 divinitus
1867 920 2027 1004 rebus

442 992 685 1059 creandis
714 992 900 1062 insita,
928 1013 1048 1067 quae
1076 992 1360 1065 unicuique
1387 993 1461 1048 rei
1489 1004 1640 1067 suum
1672 1008 1789 1067 esse
1815 992 2025 1067 tribuit,

480 1089 547 1129 ua
580 1071 719 1127 bona
746 1062 984 1139 quisquis
1009 1067 1145 1122 male
1171 1062 1366 1139 utitur,
1399 1064 1571 1139 malus
1592 1079 1710 1117 esse
1736 1062 2023 1139 judicatur.

480 1091 547 1129 ua
582 1091 719 1127 nona
746 1091 984 1139 qqums
1010 1091 1145 1122 Illam
1172 1091 1333 1120 Utltur
1352 1106 1366 1126 ,
1399 1091 1571 1117 Itl'dlua
1592 1091 1710 1117 uani;
1736 1091 2023 1129 juuw‘dtut'.

443 1091 593 1200 gnate
612 1141 752 1197 enim
778 1141 1086 1210 puniuntur,
1106 1137 1193 1207 qui
1216 1135 1371 1190 licitis
1393 1135 1700 1189 abutuntur.
1728 1132 1877 1210 iuste
1899 1148 2028 1188 vero

443 1214 761 1286 puniuntur,
781 1204 879 1286 qui
903 1222 1089 1278 rapere
1108 1204 1430 1286 inconcessa
1439 1216 1739 1286 conantur.
1773 1204 1862 1258 Sic
1882 1212 2027 1286 sata-

446 1273 543 1340 nas
570 1273 784 1343 caelum.
806 1273 890 1336 sic
916 1273 1281 1350 protoplastus
1302 1274 1535 1350 perdidit
1562 1276 1884 1350 paradisum.
1914 1273 2025 1328 Ab—

445 1364 665 1410 utuntur
692 1352 849 1408 licitis
872 1393 888 1417 ,
916 1346 1003 1420 qui
1032 1346 1170 1404 bona
1189 1347 1293 1420 Dei
1308 1346 1586 1420 maculant
1622 1346 2029 1420 usibus_ineo_n-

446 1426 632 1481 cessis.
664 1414 1083 1480 Maculant'bona
1106 1418 1229 1481 Dei,
1256 1419 1393 1489 sicut
1417 1416 1454 1472 ii
1480 1416 1571 1489 qui
1586 1414 2031 1489 cumgardorc‘li:

448 1495 642 1553 bidinis
682 1500 936 1551 exercent
979 1505 1139 1561 opera
1182 1488 1387 1559 copulae
1421 1484 1667 1561 carnalis.
1695 1484 1771 1541 Ex
1823 1486 1904 1561 his
1936 1484 2030 1540 lilii

446 1572 800 1636 generantur,
827 1558 1299 1636 quorunt_corp_ora
1329 1558 1852 1636 serviente_Creatori
1881 1572 2032 1636 crea-

450 1626 564 1691 i'ura
594 1626 925 1696 formantur,
959 1642 1013 1686 ct
1058 1626 1496 1699 Deo-inspirante
1540 1628 1861 1699 spiraculum
1907 1626 2031 1699 vine

447 1708 765 1762 animantur.
815 1701 1151 1774 Spiraculnm
1190 1696 1307 1754 vitai
1349 1696 1631 1774 humanam
1678 1697 1923 1774 animam
1954 1696 2031 1751 in-

450 1777 659 1860 tellige,
688 1766 980 1848 quam'non
1010 1771 1252 1842 producit
1282 1780 1428 1851 terra
1451 1770 1534 1823 vel
1563 1785 1705 1860 aqua
1727 1811 1739 1834 ,
1770 1766 2031 1860 sled'Deus

449 1837 672 1916 inspirat
697 1837 723 1899 ε’
744 1860 848 1916 quo
868 1837 1054 1916 sensus
1076 1840 1319 1911 corporei
1346 1837 1842 1916 animantur;_nn_d_e
1873 1837 2033 1916 homo

452 1908 620 1973 facins
649 1917 703 1971 in
730 1908 959 1970 animam
1002 1908 1268 1967 viventem
1299 1919 1643 1965 memoratur.
1679 1910 1733 1962 ln
1768 1910 1847 1962 his
1886 1918 1942 1963 et
1976 1908 2032 1963 in

450 1989 568 2044 aliis
602 1985 952 2056 Omnipotens
988 1983 1127 2056 agit,
1157 1991 1312 2056 prout
1348 1981 1805 2056 instituit,_‘quein
1841 1980 2033 2056 nullius

452 2058 703 2129 adjuvant
727 2050 863 2111 bona
886 2096 902 2120 ,
953 2050 1049 2129 nec
1094 2050 1385 2129 impediunt
1418 2051 1573 2129 mala.
1606 2051 1780 2129 Bonos
1806 2050 2033 2129 quidem

453 2119 694 2199 provehit
728 2140 823 2181 sua
849 2119 1024 2199 gratia
1058 2142 1070 2176 :
1092 2119 1264 2199 malos
1287 2130 1463 2199 terret
1486 2122 1502 2152 ί
1532 2136 1625 2199 sua
1652 2119 1853 2199 justitia
1879 2158 1894 2174 .
1924 2119 2034 2199 pios

451 2191 693 2284 equidem
725 2191 895 2279 servi,
916 2194 1053 2278 .dum
1075 2191 1300 2284 .Domin'i
1338 2193 1491 2246 bonis
1529 2191 1829 2284 abortimur,
1862 2191 1937 2245 rei
1980 2198 2036 2273 et

453 2261 634 2325 miseri
683 2261 887 2338 pariter
915 2264 1230 2338 invenimur.
1282 2263 1400 2338 Ipse
1450 2278 1575 2317 vero
1616 2262 1899 2327 Dominus,
1942 2261 2034 2338 qui

453 2333 722 2395 servorum
751 2352 966 2394 suorum
989 2335 1138 2389 malis
1170 2335 1304 2388 bene
1330 2334 1512 2399 utitur,
1545 2340 1838 2386 SﬂﬂClllS’t‘l
1862 2333 2036 2386 omni-

453 2421 643 2481 potens
671 2409 939 2465 adoratur.
985 2406 1099 2477 Ipse
1124 2404 1332 2481 corpori
1367 2415 1578 2481 terreno
1605 2404 1681 2481 de.
1700 2402 1902 2481 peccati
1930 2412 2038 2481 tra-

454 2473 626 2538 duce’
671 2488 957 2550 propagato
990 2473 1024 2550 A,’
1060 2491 1156 2550 pro
1186 2473 1633 2550 institutionesua
1670 2473 1892 2541 iuSpirat
1928 2474 2037 2527 ani-

455 2567 618 2618 mam,
648 2545 785 2605 bene
805 2545 958 2603 uiens
986 2545 1166 2618 inclita
1205 2545 1636 2618 praevaricatione
1668 2552 1886 2618 nostra;
1916 2560 2035 2618 quae

454 2625 499 2679 si
547 2613 691 2679 esset
740 2620 1030 2685 naturalis,
1075 2613 1316 2672 Creatori
1364 2625 1569 2683 poterat
1616 2615 1885 2684 imputari.
1929 2613 2036 2670 Sed

455 2692 675 2749 Creator
704 2700 964 2762 praeparat
990 2689 1398 2762 omnitempore
1426 2685 1793 2749 Sacramenta,
1826 2695 1880 2741 et
1905 2686 2038 2762 ohe-

454 2764 665 2820 dientize
696 2756 778 2833 pia
803 2756 1051 2833 proponit
1088 2756 1299 2833 edicta,
1327 2767 1386 2812 ut
1412 2766 1594 2811 contra
1621 2767 1893 2833 peccatum
1938 2756 2037 2812 Sa-

456 2828 723 2890 cramenta
750 2828 858 2886 sint
880 2828 931 2886 in
956 2830 1269 2892 remedium,
1295 2839 1348 2883 et
1379 2828 1749 2897 temporalium
1779 2830 2034 2883 observa-

457 2907 531 2962 tio
556 2903 925 2960 mandatorum
952 2913 1271 2955 :eternorum
1294 2897 1482 2954 afferat
1506 2899 1721 2968 pranuia
1750 2897 2033 2953 denorum.

459 2976 607 3032 Unde
635 2976 679 3029 si
699 2973 859 3044 aliqui
887 2972 986 3026 sub
1024 2980 1240 3044 peccato
1256 2971 1427 3044 geniti
1453 2970 1654 3044 obeunt
1678 2970 1879 3044 parvuli
1915 2971 2039 3044 abs:-

456 3063 559 3117 que
587 3040 1092 3117 remediosalutari,
1131 3040 1465 3117 pertimesco
1489 3040 1881 3117 justitiaui_Dci
1901 3083 1915 3104 ,
1946 3041 2036 3117 qui

460 3110 588 3172 nihil
614 3115 772 3172 debet
800 3113 975 3178 alicui,
1000 3114 1090 3168 sed
1114 3110 1329 3168 damnat
1347 3113 1398 3185 in
1426 3113 1646 3184 singulis
1671 3110 1867 3185 malum
1896 3110 2037 3179 quod

460 3203 563 3242 non
586 3189 710 3242 fecit
731 3187 783 3241 in
811 3186 908 3240 eis.
936 3185 993 3241 Si
1013 3195 1186 3238 autem
1215 3184 1462 3253 parvulos
1487 3182 2040 3238 renovatSat-ramen-

460 3258 527 3313 tis
547 3299 560 3322 ,
592 3258 853 3312 admirare
885 3256 1298 3310 misericordiam
1329 3255 1441 3308 Dei.
1476 3254 1577 3324 Ipsi
1606 3256 1745 3308 enim
1777 3254 1913 3307 sicut
1938 3269 2038 3308 ne-

459 3330 632 3384 sciunt
656 3329 861 3399 culpam
886 3369 902 3393 ,
925 3342 1043 3381 cmn
1075 3344 1181 3399 qua
1195 3341 1267 3399 ex
1295 3341 1456 3379 carne
1491 3333 1780 3378 nascuntur
1796 3325 1917 3399 Lsic
1947 3338 2040 3379 nc-

460 3402 634 3455 sciunt
650 3394 891 3469 graiiam,
915 3414 1013 3468 qua
1030 3394 1129 3469 per
1148 3396 1414 3469 Christum
1437 3404 1776 3448 renovantur.
1796 3394 1909 3448 Non
1939 3408 2040 3449 ex-

459 3481 608 3527 cusat
634 3468 881 3540 parvulos
900 3468 1132 3540 arculpa,
1161 3468 1281 3540 quia
1308 3482 1424 3521 eam
1447 3480 1551 3519 non
1572 3474 1788 3540 norunt;
1819 3480 1917 3540 nec
1944 3481 2039 3540 ei;-

460 3534 882 3611 eludit’graliani
902 3539 969 3593 ab
997 3534 1102 3611 eis,
1129 3538 1249 3607 quia
1286 3552 1402 3590 eam
1443 3536 1703 3611 nesciunt.
1740 3534 1947 3611 Quaeris
1984 3536 2039 3611 in

461 3614 538 3667 eis
566 3604 821 3681 culpam?
861 3607 1072 3681 Iuvenis
1107 3604 1175 3681 cit
1214 3623 1376 3681 carne
1404 3604 2036 3681 traductam._Q_u_zcris_in

460 3684 537 3737 eis
571 3674 829 3749 gratiam?
859 3678 1068 3733 lnvenis
1096 3694 1126 3731 a
1152 3678 1258 3730 Deo
1279 3674 1679 3749 collatam._llla
1706 3675 1900 3749 debite
1946 3678 2041 3749 da-

462 3746 817 3816 nina'tur,h:ec
832 3749 1062 3802 indebite
1082 3756 1420 3816 prierogatur.
1440 3747 1529 3801 Illa
1550 3746 1810 3817 judicium
1843 3748 2033 3815 priedi-

462 3832 567 3888 cat,
600 3820 714 3875 haec
736 3818 1150 3873 miscricordiam
1178 3828 1541 3888 repraesentat.
1573 3818 1628 3871 ln
1651 3826 1877 3886 uti-eque
1900 3818 2040 3875 Deus

463 3885 799 3961 agnoscitur,
845 3885 1332 3961 cui_iiiisericordia
1362 3896 1446 3961 _et_
1474 3888 1729 3961 judicium
1785 3885 2041 3958 perpetua

463 3957 615 4016 laude
639 3969 879 4016 cantatur
905 3958 1070 4029 (Psal.
1098 3972 1149 4025 c,
1181 3958 1255 4028 l).
1276 3957 1377 4012 Sed
1402 3958 1468 4013 ab
1491 3957 1574 4013 bis
1596 3957 1861 4013 intuendis
1886 3957 2040 4015 mens

464 4042 664 4097 nostra,
694 4047 843 4086 mens
863 4028 1099 4094 inﬁrma,
1126 4029 1248 4097 quia
1276 4030 1505 4098 peccatis
1530 4030 1716 4084 obruta
1738 4071 1753 4097 ,
1783 4031 1941 4085 citius
1969 4031 2037 4086 ad

462 4118 521 4158 sc
548 4103 714 4171 ipsam
743 4103 956 4172 redeat,
987 4100 1190 4172 sibique
1228 4099 1521 4154 remedium
1550 4110 1753 4169 quzerat
1775 4141 1789 4165 ,
1825 4111 1879 4155 ut
1918 4117 2040 4172 qua:

463 4175 513 4228 in
547 4167 709 4228 Adam
736 4170 1020 4237 ceciderit,
1052 4167 1340 4226 iit—Christo
1365 4167 1623 4240 resurgat.

529 4241 753 4300 CAPUT
791 4242 972 4298 XLIII.
1018 4241 1302 4310 De‘unimw
1348 4239 1549 4295 natura}
1604 4239 1745 4296 Mors
1797 4243 2036 4297 hominis.

465 4316 547 4386 (α)
595 4314 749 4369 Plura
797 4325 1021 4386 veteres
1060 4312 1124 4367 de
1185 4322 1377 4386 natura;
1415 4313 1607 4386 anima:
1649 4313 1856 4386 dixisse
1890 4315 2039 4369 inve-

461 4382 708 4452 niuntur,
743 4384 835 4439 sed
859 4385 983 4439 nihil
1014 4384 1080 4439 ita
1103 4392 1157 4438 ut
1186 4398 1291 4437 non
1314 4382 1511 4452 aliquid
1541 4392 1744 4438 restare
1775 4384 2036 4439 videatur.

463 4458 572 4528 Ego
601 4466 780 4528 autem
806 4471 867 4509 ex
891 4471 1072 4509 eorum
1101 4453 1276 4528 dictis,
1303 4462 1501 4524 quanto
1527 4454 1829 4528 diligentius
1855 4457 2037 4528 potui,

464 4525 619 4583 breve
648 4526 783 4581 istud
814 4535 868 4579 et
888 4536 1089 4582 certum
1116 4525 1385 4595 colligere,
1411 4534 1569 4593 atque
1592 4526 1641 4578 in
1676 4542 1837 4579 unum
1864 4525 2041 4583 studui

462 4598 702 4667 redigere
721 4638 735 4661 ,
761 4597 899 4667 quod
933 4596 1206 4653 memoria:
1231 4595 1651 4667 commendetur.
1683 4595 1859 4650 Hebes
1890 4613 2041 4651 nam-

464 4683 563 4736 que
586 4666 672 4725 est
714 4666 971 4736 memoria
1001 4667 1228 4720 hominis
1247 4707 1262 4731 ,
1295 4676 1348 4721 et
1373 4666 1629 4721 brevitate
1657 4667 1882 4736 gaudet;
1911 4677 1963 4721 et
1989 4668 2038 4724 si

462 4734 515 4792 in
542 4738 708 4791 multa
735 4734 985 4791 dividitur
1002 4779 1018 4803 ,
1051 4736 1108 4790 ﬁt
1132 4737 1303 4792 minor
1329 4737 1380 4791 in
1402 4734 1679 4808 singulisf
1696 4737 1774 4792 Ex
1815 4753 2041 4808 corpore

462 4817 512 4861 ct
532 4809 710 4879 anima
740 4817 946 4863 constat
976 4808 1134 4862 homo
1168 4825 1181 4863 :
1206 4816 1261 4861 et
1292 4805 1547 4877 quidquid
1576 4808 1742 4863 oculis
1766 4805 2040 4879 corpiireis

459 4878 696 4951 videtur,
742 4889 957 4951 propter
992 4893 1185 4949 corpus
1214 4879 1408 4934 factum
1442 4890 1528 4951 est
1549 4920 1565 4945 ,
1592 4896 1785 4951 corpus
1824 4878 2040 4951 propter

459 4950 689 5022 animam
709 4991 727 5017 ,
772 4950 945 5003 anima
987 4961 1162 5022 autem
1193 4959 1408 5019 propter
1440 4950 1628 5022 Deum.
1658 4950 1773 5022 Vita
1800 4950 2041 5022 corporis

457 5021 632 5074 anima
656 5030 769 5084 est,
810 5022 918 5075 vita
943 5021 1132 5077 anima:
1156 5022 1293 5077 Deus
1323 5029 1423 5078 est.
1455 5020 1773 5077 immortalis
1807 5020 2040 5079 est'ani-

458 5105 566 5159 ma,
594 5091 715 5161 quia
746 5107 905 5147 carne
930 5103 1094 5155 caret;
1126 5108 1223 5147 nec
1246 5092 1405 5147 habet
1426 5108 1531 5163 quo
1556 5093 1741 5158 cadat,
1776 5102 1833 5147 ut
1855 5109 2037 5149 resur-

458 5162 693 5234 rectione
722 5171 877 5234 egeat
898 5174 1016 5234 post
1038 5164 1243 5218 ruinam
1269 5205 1283 5228 ,
1315 5163 1415 5219 nisi
1440 5162 1655 5234 peccato
1674 5164 1944 5219 ceciderit.
1972 5165 2040 5220 Et

456 5232 578 5289 ideo
602 5233 653 5287 in
685 5232 858 5290 morte
880 5232 985 5289 vita
1017 5244 1194 5290 nostra
1224 5251 1329 5288 non
1357 5232 1510 5304 perit,
1538 5233 1629 5288 sed
1659 5249 1850 5304 corpus
1876 5235 2040 5290 desti-

457 5304 589 5375 tuit,
604 5304 732 5361 dum
762 5305 1040 5363 discedens
1069 5306 1244 5361 anima
1267 5306 1374 5360 vim
1393 5320 1541 5359 suam
1570 5320 1676 5359 non
1703 5306 1906 5375 perdit,
1941 5305 2038 5362 sed

454 5374 596 5445 quod
617 5376 974 5434 viviﬁcaverat
997 5376 1098 5433 hoc
1122 5376 1367 5441 dimittit,
1390 5385 1443 5432 et
1462 5374 1719 5446 quantuni
1751 5376 1801 5430 in
1833 5392 1892 5432 sc
1918 5386 1999 5432 est
2018 5418 2034 5443 ,

517 5520 549 5578 ιγ
571 5523 654 5564 Is.
681 5513 1023 5566 Medardensis:
1051 5522 1200 5564 Bonos
1222 5510 1268 5563 si
1289 5512 1485 5577 quidem
1504 5511 1756 5577 prtevenit;
1775 5520 1828 5565 et
1846 5520 2033 5578 postea,

454 5577 604 5627 ωιοσ
639 5584 783 5629 tenet.

515 5641 537 5670 ³
568 5646 652 5688 IIS.
673 5637 1013 5699 Medardenais,
1040 5636 1230 5689 tramite

452 5759 500 5824 ι’
515 5698 838 5824 impubem
860 5698 1016 5752 victor
1037 5699 1121 5751 tib.
1145 5699 1176 5750 2
1198 5701 1377 5778 Erudit.
1402 5699 1603 5763 didasc.,
1636 5711 1742 5763 cap.
1773 5699 1850 5762 11,
1872 5708 1925 5752 et
1947 5699 2032 5751 lib.

1897 229 2258 290 AI’PENDIX.

3604 233 3703 291 8H.

2128 366 2355 414 mortem
2383 356 2604 414 alterius
2631 357 2758 429 facit
2776 396 2790 421 ,
2814 371 2976 429 quam
3001 357 3116 429 ipsa
3148 370 3254 413 non
3282 356 3488 427 recipit.
3518 357 3698 424 Facit,

2130 429 2365 498 inquam,
2394 445 2499 483 non
2531 428 2847 485 viviﬁcando
2867 429 3006 499 quod
3027 428 3260 499 deserit,
3283 444 3391 485 non
3415 429 3703 490 amittendo

2130 499 2270 569 quod
2296 499 2443 555 vivit.
2477 499 2657 571 Itaque
2680 504 2825 557 mers
2851 498 3082 556 hominis
3111 498 3242 555 nihil
3268 509 3352 556 est
3385 498 3535 556 aliud
3557 520 3705 571 quant

2131 571 2306 626 carnis
2350 570 2609 638 occasus,
2639 587 2668 625 a
2709 586 2813 642 qua
2840 586 2961 627 cum
2993 572 3074 627 vis
3111 570 3364 641 potentia
3398 570 3711 633 viviﬁcantis

2131 642 2469 714 abscesserit,
2501 643 2554 698 in
2577 651 2775 698 terram
2802 643 2868 698 de
2886 659 2990 714 qua
3009 650 3221 714 sumpta
3236 651 3323 714 est
3348 642 3524 714 redit,
3551 647 3710 701 antis-

2131 712 2205 767 sis
2233 712 2475 769 sensibus
2511 728 2645 784 quos
2688 729 2792 784 non
2833 712 2926 783 per
2960 728 3021 769 se
3064 713 3233 783 ipsam
3276 712 3481 768 habuit.
3530 716 3708 773 Anima

2134 798 2237 839 non
2264 785 2418 839 aliter
2436 824 2451 849 ,
2478 780 2636 855 quam
2666 780 2746 840 sol
2768 780 2938 840 lucem
2965 780 3104 849 diei,
3128 784 3290 839 vitam
3319 785 3503 840 tribuit
3533 789 3705 854 carui,

2132 870 2252 911 eum
2288 857 2525 919 venerit;
2565 865 2792 911 mortem
2829 855 3027 920 efﬁcit,
3058 868 3179 909 cum
3219 856 3440 910 recedit.
3473 856 3614 911 Mors
3638 867 3706 912 ta-

2133 940 2254 980 men
2285 942 2387 981 non
2416 927 2681 981 consumit
2706 927 2986 995 conjuncta
3009 966 3024 990 ,
3055 924 3150 981 sed
3186 924 3411 990 dividit,
3440 926 3569 982 dum
3605 930 3707 983 ori-

2131 998 2239 1065 gini
2272 1012 2380 1051 suae
2406 1006 2687 1067 utrumque
2718 998 2912 1052 reddit.
2943 998 3008 1053 Et
3036 1008 3104 1051 ne
3140 996 3259 1066 quis
3301 1006 3455 1066 putet
3488 999 3708 1058 animam

2134 1069 2373 1137 corporis
2425 1078 2595 1124 morte
2640 1068 2914 1134 consumi,
2957 1067 3139 1123 audiat
3177 1067 3303 1137 quid
3350 1067 3612 1124 Dominus
3659 1070 3707 1125 in

2135 1138 2424 1210 Evangelio
2452 1138 2594 1194 dicat
2625 1157 2638 1192 :
2676 1138 2874 1203 Nolite,
2900 1139 3104 1209 inquit,
3135 1154 3220 1192 eos
3257 1138 3431 1193 time“
3461 1141 3547 1210 qui
3574 1142 3706 1210 occi-

2135 1209 2263 1281 dunt
2280 1226 2484 1281 corpus,
2499 1211 2721 1265 animam
2740 1220 2905 1265 autem
2921 1226 3023 1264 non
3044 1217 3251 1281 possunt
3265 1209 3706 1281 occidere(lattb.

2135 1295 2205 1363 ι,2
2233 1279 2348 1363 28).
2379 1281 2650 1350 Fatigatnr
2672 1280 3307 1363 corpns_cogitationibus
3331 1279 3532 1337 mentis
3566 1299 3580 1337 :
3604 1282 3711 1339 ali-

2134 1351 2274 1421 citur
2295 1351 2347 1407 in
2374 1367 2603 1421 corpore
2629 1366 2781 1409 mens
2803 1352 2973 1407 dolori
2982 1354 3079 1406 bus
3099 1352 3359 1420 corporis.

2204 1420 2431 1479 CAPUT
2458 1420 2639 1478 XLIV.
2670 1422 2853 1477 Attium
2893 1422 3154 1492 invisibilia
3188 1433 3279 1476 eat.
3338 1423 3492 1477 Ratio
3545 1439 3709 1492 apoca-

2137 1496 2243 1546 tum
2267 1502 2339 1546 est
2359 1494 2412 1547 in
2422 1510 2519 1563 quo
2540 1492 2702 1547 Deum
2722 1494 2907 1549 videat.
2924 1494 3003 1564 (α)
3027 1491 3233 1561 Corpus
3262 1507 3329 1548 ex
3352 1491 3585 1564 quatuor
3606 1494 3706 1550 cle-

2136 1564 2330 1618 mentis
2372 1572 2600 1618 constat.
2634 1565 2824 1618 Anima
2862 1579 2963 1621 nec
2998 1564 3324 1619 elementum
3361 1575 3481 1630 est,
3521 1579 3620 1621 nec
3648 1581 3708 1622 ex

2135 1634 2436 1700 elementis,
2464 1634 2558 1689 sed
2583 1634 2651 1689 de
2673 1635 2837 1689 nihilo
2863 1645 2943 1690 est
2969 1637 3125 1701 facta,
3144 1643 3202 1689 et
3225 1635 3327 1690 soli
3353 1635 3596 1691 Creatori
3620 1650 3707 1691 suo

2135 1706 2364 1775 cognita.
2394 1707 2471 1760 Ex
2494 1706 2575 1788 his
2601 1721 2730 1788 ergo
2751 1706 2998 1788 omnibus
3026 1721 3147 1788 quae
3179 1705 3233 1760 in
3268 1722 3329 1762 se
3346 1746 3365 1771 ,
3388 1707 3487 1762 hoc
3506 1715 3590 1788 est
3610 1748 3626 1773 ,
3658 1709 3707 1762 in

2136 1791 2360 1844 corpore
2404 1790 2501 1831 suo
2526 1777 2754 1832 visibilia
2790 1777 2970 1844 videt,
3008 1777 3141 1831 nihil
3182 1791 3243 1831 se
3280 1792 3403 1832 esse
3440 1777 3520 1833 vel
3559 1792 3706 1846 posse

2138 1861 2258 1902 esse
2281 1848 2442 1902 videt.
2485 1848 2738 1903 Seecrnat
2764 1864 2890 1917 ergo
2915 1857 2972 1902 et
2998 1846 3201 1903 dividat
3227 1862 3289 1902 se
3319 1862 3413 1916 per
3449 1862 3506 1903 se
3542 1848 3606 1902 ab
3637 1864 3700 1904 eo

2138 1926 2272 1983 toto,
2302 1917 2445 1988 quod
2475 1919 2680 1973 visibile
2708 1919 2853 1973 videt
2882 1920 3048 1981 inse;
3076 1926 3131 1973 et
3155 1918 3473 1974 invisibilia:
3500 1919 3701 1975 omnino

2220 2003 2341 2044 esse
2366 1989 2509 2044 videt
2536 1990 2587 2043 in
2618 2003 2682 2045 eo
2706 1990 2846 2060 quod
2872 1990 3021 2044 videt
3045 2004 3106 2045 se
3126 2029 3144 2057 ,
3170 1999 3228 2044 et
3263 1999 3439 2045 tamen
3467 1989 3632 2045 videri
3656 2005 3710 2045 se

2138 2071 2244 2113 non
2265 2075 2440 2131 posse
2478 2061 2639 2115 videt.
2670 2060 2871 2116 Deinde
2896 2062 3069 2116 elevet
3102 2076 3164 2116 se
3191 2076 3351 2131 supra
3374 2075 3435 2115 se
3452 2102 3469 2127 ,
3497 2069 3557 2116 et
3583 2062 3633 2115 in
3654 2078 3711 2115 eo

2138 2129 2534 2202 quodprimum
2560 2140 2617 2187 et
2648 2132 2938 2202 principale
2976 2129 3374 2201 speculum—est
3414 2132 3711 2200 speculandi

2141 2200 2271 2268 Dei,
2318 2202 2563 2271 illiusque
2604 2200 2919 2270 imagini'ac
2961 2200 3293 2258 similitudini
3339 2204 3711 2271 proximumet

2139 2284 2421 2342 cognatum
2448 2273 2615 2342 magis
2640 2272 2859 2340 factum,
2891 2273 3210 2329 invisibilem
3244 2274 3412 2329 Deum
3456 2274 3705 2344 inspiciat.

2142 2344 2252 2397 lloc
2278 2353 2454 2415 autem
2478 2353 2561 2398 est
2587 2345 2697 2410 ipsa
2720 2346 2884 2409 ratio,
2906 2354 2959 2399 et
2987 2360 3139 2415 mens
3166 2346 3375 2399 ratione
3403 2353 3588 2411 utens,
3605 2361 3707 2415 qua:

2140 2415 2205 2468 ad
2231 2414 2453 2483 primam
2481 2415 2878 2470 similitudinem
2904 2416 2995 2470 Dei
3021 2414 3157 2470 facta
3190 2425 3301 2481 est,
3329 2426 3391 2470 ut
3418 2432 3521 2485 per
3547 2431 3601 2472 se
3620 2414 3702 2470 in-

2138 2487 2324 2541 venire
2350 2487 2518 2554 possit
2553 2501 2676 2558 eum
2704 2501 2733 2540 a
2762 2501 2867 2557 quo
2896 2486 3032 2558 facta
3074 2497 3159 2542 est
3178 2527 3191 2549 ,
3221 2495 3278 2543 et
3315 2489 3369 2542 in
3402 2487 3530 2558 ejus
3552 2500 3705 2543 amere

2139 2567 2297 2628 atque
2324 2557 2775 2625 contemplatione
2801 2557 3422 2627 dulciterrequiescere.
3460 2560 3543 2613 Ea
3583 2574 3709 2614 nam-

2138 2645 2242 2699 que
2264 2628 2544 2698 perfectius
2569 2644 2726 2683 suum
2755 2628 3009 2684 factorem
3030 2629 3369 2683 manifestam
3392 2672 3407 2693 ,
3442 2645 3571 2699 qua:
3593 2630 3708 2685 illius

2140 2700 2470 2755 similitudini
2512 2700 2733 2755 vicinius
2772 2700 3215 2770 appropinquant.
3258 2700 3383 2755 Haac
3425 2711 3609 2755 autem
3642 2709 3711 2757 est

2140 2774 2253 2842 ipsa
2299 2772 2572 2827 rationalis
2610 2782 2851 2826 creatura
2874 2812 2888 2835 ,
2931 2787 3049 2842 qua:
3085 2780 3141 2826 et
3165 2772 3500 2827 excellenter
3530 2781 3587 2827 et
3608 2786 3709 2842 pro-

2140 2841 2255 2913 prie
2276 2844 2342 2898 ad
2382 2843 2522 2898 illius
2558 2843 2961 2897 similitudinem
2998 2841 3134 2896 facta
3166 2851 3251 2897 est
3278 2860 3293 2897 :
3320 2851 3548 2913 ettunc
3577 2844 3711 2897 citius

2138 2912 2444 2971 Creatorem
2473 2929 2657 2976 suum,
2686 2929 2845 2983 quem
2872 2928 2977 2968 non
3005 2913 3165 2979 videt,
3188 2912 3429 2985 agnoscit
3452 2923 3513 2969 et
3537 2914 3708 2985 diligit,

2141 3002 2261 3041 eum
2292 3002 2349 3041 se
2369 2986 2437 3039 ad
2466 2985 2607 3038 illius
2635 2985 2916 3054 imaginem
2940 2986 3130 3039 iactam
3160 2984 3406 3055 intelligit
3436 2986 3476 3037 ι.

2212 3057 2360 3111 Mens
2384 3056 2660 3111 rationalis
2686 3065 2768 3109 est
2790 3097 2806 3123 ,
2829 3071 2948 3126 quae
2979 3070 3036 3110 se
3062 3055 3347 3127 cogitando
3370 3056 3620 3127 intelligit
3633 3065 3710 3127 ,et

2143 3129 2423 3199 imaginem
2450 3141 2600 3199 suam
2638 3142 2705 3181 ex
2733 3141 2791 3181 se
2822 3125 2999 3199 natam
3029 3126 3220 3193 habet,
3261 3142 3379 3197 qua:
3408 3125 3711 3199 iteagitequ

2143 3197 2366 3255 verbum
2397 3208 2496 3253 est.
2528 3197 2761 3253 Verbum
2786 3198 2925 3253 enim
2949 3199 3027 3253 rei
3054 3206 3144 3269 est
3170 3199 3281 3267 ipsa
3304 3197 3546 3269 cognitio
3567 3197 3626 3252 ad
3647 3197 3710 3269 si-

2142 3270 2493 3325 militudinem
2529 3270 2646 3338 ejus
2668 3285 2733 3323 ex
2760 3270 3014 3324 memoria
3043 3268 3289 3323 formata.
3325 3268 3437 3324 Hec
3473 3269 3630 3323 modo
3654 3268 3709 3322 li-

2142 3343 2304 3413 quido
2323 3349 2541 3411 apparet
2583 3356 2844 3394 summam
2874 3339 3201 3413 Sapientiam
3223 3383 3239 3407 ,
3264 3356 3391 3413 cum
3412 3355 3467 3413 se
3489 3338 3702 3413 dicendo

2142 3407 2422 3483 intelligit,
2470 3412 2688 3481 gignere
2727 3407 3235 3466 consubstantialem
3281 3411 3379 3466 sibi
3410 3407 3696 3483 similitudi-

2143 3501 2264 3539 nem
2292 3480 2462 3548 suam,
2482 3480 2545 3537 id
2563 3492 2678 3548 est,
2716 3482 2942 3537 Verbum
2965 3498 3140 3537 suum.
3172 3483 3322 3537 Mens
3356 3493 3527 3536 tamen
3550 3480 3704 3534 ratio-

2143 3558 2298 3619 nalis,
2325 3555 2573 3625 quoniam
2595 3569 2698 3607 non
2727 3568 2786 3607 se
2805 3568 3018 3625 semper
3045 3553 3273 3624 cogitat,
3305 3554 3441 3608 sicut
3467 3551 3550 3607 sui
3574 3566 3707 3625 scin-

2145 3643 2239 3697 per
2263 3621 2520 3697 meminit,
2551 3625 2717 3694 liquet
2743 3623 2873 3697 quia
2894 3621 3013 3697 eum
3039 3639 3098 3679 se
3122 3621 3341 3695 cogitat,
3369 3626 3587 3697 verbum
3607 3621 3710 3690 eius

2144 3694 2377 3752 nascitur
2418 3696 2485 3750 de
2525 3697 2801 3750 memoria.
2831 3694 2985 3751 Unde
3011 3694 3231 3764 apparet
3267 3696 3389 3765 quia
3431 3696 3476 3749 si
3517 3706 3710 3763 semper

2143 3786 2201 3823 se
2229 3769 2482 3838 cogitaret
2506 3809 2520 3833 ,
2546 3782 2760 3837 semper
2779 3767 2996 3820 verbum
3024 3768 3138 3836 ejus
3162 3766 3230 3820 dc
3259 3767 3516 3822 memoria
3540 3780 3709 3838 nasce-

2142 3836 2318 3894 returf
2341 3839 2415 3891 De
2452 3836 2810 3893 summa'vero
2833 3837 3106 3907 Sapientia
3127 3879 3142 3903 ,
3174 3852 3292 3907 qua:
3321 3851 3541 3907 semper
3563 3852 3620 3892 se
3641 3836 3709 3891 di-

2143 3912 2215 3967 cit
2247 3910 2325 3964 sic
2344 3951 2359 3977 ,
2404 3908 2539 3963 sicut
2580 3910 2659 3963 sui
2691 3923 2902 3977 semper
2931 3923 3135 3979 memor
3160 3917 3243 3979 est
3264 3950 3279 3974 ,
3317 3909 3483 3979 liquet
3508 3910 3629 3979 quia
3649 3907 3708 3962 de

2145 3992 2341 4035 :eterna
2385 3981 2639 4035 memoria
2689 3990 3013 4034 cozeternnm
3056 3978 3172 4049 ejus
3196 3978 3430 4034 Verbum
3466 3978 3705 4035 nascitur.

2144 4054 2291 4108 Sicut
2316 4052 2456 4106 enim
2483 4064 2689 4106 summa
2722 4050 2988 4119 Sapientia
3024 4059 3220 4105 aeterna
3260 4059 3375 4115 est,
3418 4051 3490 4105 ita
3530 4060 3711 4105 aeterno

2143 4126 2224 4177 sui
2252 4136 2458 4178 memor
2485 4131 2568 4176 est
2589 4163 2604 4187 ,
2635 4129 2691 4176 et
2729 4131 2928 4177 aeterne
2958 4137 3016 4177 se
3057 4122 3329 4190 intelligit,
3364 4130 3420 4177 et
3444 4130 3642 4177 aeterne
3660 4133 3710 4174 se

2142 4195 2309 4258 dicit,
2352 4209 2471 4248 cum
2511 4196 2580 4247 sit
2623 4192 2696 4248 illi
2738 4193 3098 4263 diceregquod
3144 4193 3439 4262 intelligere
3468 4202 3563 4248 :et
3604 4205 3709 4247 cunt

2144 4277 2342 4319 :rternc
2381 4280 2441 4320 se
2479 4265 2651 4328 dicat,
2700 4275 2903 4319 aeterne
2938 4262 3169 4318 Verbum
3211 4263 3327 4332 ejus
3356 4263 3497 4333 apud
3538 4264 3707 4333 ipsam.

2145 4336 2291 4390 Mens
2331 4350 2458 4405 ergo
2501 4335 2771 4390 rationalis
2800 4335 3086 4405 quaeinter
3126 4329 3313 4389 omnes
3342 4329 3614 4389 creaturas
3649 4329 3708 4385 ad

2145 4408 2602 4477 investigationem
2629 4422 2849 4460 summa:
2874 4406 3146 4477 sapientia:
3185 4406 3297 4459 sola
3326 4420 3606 4476 assurgere
3627 4417 3708 4457 va-

2145 4479 2238 4544 let,
2270 4487 2325 4533 et
2346 4476 2697 4532 nihilominus
2722 4478 2788 4532 ad
2810 4476 3048 4547 ejusdem
3075 4476 3435 4531 inventionem
3464 4477 3573 4530 sola
3595 4489 3705 4547 pro.

2144 4550 2302 4604 ﬁcere
2322 4590 2335 4611 ,
2364 4563 2579 4618 semper
2598 4548 2814 4603 studeat
2838 4548 2976 4602 illius
3003 4548 3308 4614 reminisci,
3342 4546 3485 4602 illam
3526 4546 3703 4618 intellif

2142 4635 2270 4689 gere
2304 4629 2358 4674 et
2390 4615 2573 4674 amare
2604 4637 2617 4673 :
2646 4620 2713 4673 ad
2753 4618 2856 4674 hoc
2883 4618 3016 4675 facta
3049 4628 3127 4673 est
3159 4628 3219 4674 ut
3247 4634 3462 4688 semper
3485 4620 3647 4681 vivat,
3667 4615 3706 4669 si

2143 4705 2356 4760 semper
2380 4700 2522 4745 amet
2545 4706 2809 4745 summam
2832 4691 2992 4744 vitam
3015 4731 3030 4754 ,
3070 4704 3331 4744 summam
3370 4689 3702 4760 sapientiam,

2143 4759 2404 4817 summam
2431 4763 2718 4817 essentiam
2738 4803 2754 4827 ,
2782 4762 2867 4816 cui
2913 4761 3070 4817 debet
3096 4761 3196 4816 hoc
3221 4760 3394 4831 ipsum
3435 4759 3572 4831 quod
3612 4767 3701 4813 est.

2143 4834 2341 4887 Amare
2366 4841 2541 4888 autem
2565 4833 2768 4902 nequit,
2798 4833 2900 4887 nisi
2924 4832 3041 4901 ejus
3068 4833 3358 4898 reminisci,
3374 4842 3438 4887 et
3461 4846 3574 4887 eam
3597 4838 3701 4884 stuc

2143 4903 2318 4960 duerit
2343 4904 2658 4973 intelligere.
2689 4903 2872 4959 Faciat
2897 4917 3027 4974 ergo
3052 4903 3153 4959 hoc
3176 4902 3243 4958 ad
3274 4903 3419 4974 quod
3444 4904 3574 4959 facta
3594 4908 3665 4955 est
3686 4935 3703 4963 9

2145 4984 2201 5029 ut
2228 4975 2364 5030 bene
2397 4975 2556 5029 vivat.

2145 4984 2201 5029 ut
2228 4984 2364 5029 bene
2397 4984 2556 5029 vivat.

2212 5046 2441 5101 CAPUT
2493 5045 2653 5101 XLV.
2735 5045 3084 5101 Rationalitmt
3145 5054 3305 5099 status
3377 5046 3590 5116 triplex,
3627 5038 3706 5093 Via

2143 5118 2327 5171 anima:
2365 5117 2565 5186 triplex.
2599 5117 2753 5171 Amor
2793 5117 2915 5188 quid
2961 5117 3024 5171 sit
3081 5117 3176 5187 (ὁ).
3207 5117 3348 5171 Deus
3392 5117 3707 5185 omnipotens

2144 5188 2294 5259 cujus
2320 5188 2592 5244 beatitudo
2630 5202 2729 5243 nec
2753 5188 2931 5259 augeri
2956 5197 3133 5257 potest
3157 5229 3171 5252 ,
3195 5188 3316 5257 quia
3346 5190 3572 5256 perfecta
3596 5191 3704 5243 est:

2208 5328 2229 5393 ξ
2260 5330 2311 5372 ιιι
2341 5330 2447 5373 κεδ-
2468 5335 2583 5393 .ιιοιι
2612 5331 2733 5393 ,ευμι
2751 5334 2865 5393 quae
2889 5328 3351 5393 semiermes
3372 5312 3706 5393 semesi-

2143 5385 2231 5436 sed
2270 5398 2444 5455 eorum
2468 5383 2575 5435 loco
2609 5387 2660 5433 in
2690 5378 3132 5455 tis.'ttedardensi:
3171 5378 3283 5455 ideo

2142 5445 2527 5519 lenitaue/ﬁciens
2564 5454 2803 5519 {rentum
2826 5444 3107 5508 rationalis;
3138 5452 3185 5495 et

2141 5510 2375 5569 bonitatis,
2399 5510 2735 5620 causa

2204 5572 2277 5644 te
2301 5576 2363 5644 Ex
2386 5574 2508 5644 “us:
2544 5573 2632 5644 ἰδ-
2660 5571 2783 5644 Lee
2807 5579 3029 5644 sacrae,
3069 5584 3116 5632 υ·
3155 5568 3355 5644 Vmer-
3379 5566 3538 5644 θείη

2205 5629 2278 5706 (ο)
2301 5640 2437 5706 “9.89
2462 5629 2652 5695 ῖίοιοτον
2692 5632 2785 5706 ηδτ
2818 5634 2839 5682 ί
2872 5629 3173 5706 (ἔθηδειέίψ
3195 5629 3351 5706 ’φρὶξ
3368 5629 3497 5706 Ριέν
3519 5637 3691 5706 ﬂ.“

2142 5693 2222 5747 ω(
2243 5693 2307 5760 de
2342 5693 2523 5746 unione
2566 5693 2696 5760 corp.
2741 5704 2794 5746 et
2832 5694 3078 5759 Spirit..et
3109 5694 3176 5746 de
3218 5693 3477 5745 Sum

2140 5758 2313 5826 capi.
