3860 6366
434 257 540 320 815

431 377 503 432 tis
529 380 729 430 nostrae
757 378 841 428 est
880 376 934 424 ct
967 366 1210 439 ignaviae.
1238 366 1422 422 Solum
1452 365 1723 422 hominem
1750 364 2017 423 credimus

432 447 633 502 habere
647 445 878 498 animam
896 441 1424 509 substantivam,qu;e
1444 448 1602 493 exuta
1621 453 1846 508 corpore
1871 440 2016 504 vivit.

434 527 490 574 et
517 531 710 573 sensus
752 529 877 570 suos
917 524 1077 581 atque
1123 512 1329 581 ingenia
1355 510 1611 566 vivaciter
1639 519 1806 565 tenet.
1837 510 2021 580 Neque

433 605 557 644 cum
583 601 806 656 corpore
833 585 1077 656 moritur,
1101 592 1160 637 ut
1185 586 1377 656 Aratus
1403 581 1655 656 {asserit
1684 597 1856 656 neque
1877 590 2024 652 post-

434 660 654 714 modum
682 653 995 723 intcritura,
1023 655 1162 711 sicut
1187 653 1370 708 Zenon
1413 653 1541 709 dicit
1569 671 1583 707 :
1607 655 1730 724 quia
1776 654 2023 708 substan-

435 731 634 784 tialiter
671 729 821 782 vivit.
864 727 1186 782 Animalium
1213 741 1340 781 vero
1369 727 1562 780 anima:
1604 740 1709 779 non
1738 734 1863 779 sunt
1897 726 2024 779 sub-

435 801 699 863 stantivae,
723 799 817 855 sed
838 815 960 880 cum
985 813 1146 854 carne
1173 799 1286 882 ipsa
1310 798 1484 851 carnis
1505 796 1784 882 vivacitate
1805 811 2022 876 nascun-

436 883 544 935 tur,
569 880 622 927 et
641 886 761 925 cum
786 872 962 924 carnis
990 879 1158 922 morte
1177 865 1460 922 ﬁniuntur:
1479 877 1534 922 et
1555 867 1675 922 ideo
1699 882 1796 922 nec
1817 865 2026 922 ratione

437 950 694 1012 reguntur
722 943 861 997 sicut
889 942 1034 996 Plato
1060 949 1114 994 et
1143 939 1444 1012 Alexander
1469 947 1673 1012 putant;
1704 939 1801 1012 sed
1817 938 1887 991 ad
1911 954 2026 992 om-

437 1009 526 1068 nia
575 1023 781 1068 natura:
821 1012 1163 1067 incitamenta
1207 1011 1489 1065 ducuntur.
1547 1011 1736 1064 Anima
1787 1009 2024 1063 humana

437 1099 549 1140 non
571 1100 690 1139 cum
721 1099 880 1139 carne
903 1084 1151 1145 moritur,
1183 1082 1304 1152 quia
1332 1097 1430 1152 nec
1455 1097 1578 1135 cum
1604 1095 1784 1145 carne,
1811 1081 2028 1135 utdixi-

440 1170 562 1212 mus
590 1157 834 1224 superius
858 1196 873 1219 ,
907 1151 1241 1209 seminatur:
1273 1151 1366 1207 sed
1396 1154 1622 1224 formato
1662 1154 1712 1206 in
1736 1162 1888 1224 utero
1917 1169 2028 1207 ma-

367 1288 369 1291 .
438 1228 538 1282 tris
560 1223 805 1297 corpore,
824 1227 917 1281 Dei
936 1225 1137 1295 judicio
1156 1225 1323 1278 creari
1342 1223 1615 1297 etinl‘undi
1637 1239 1752 1297 eam
1775 1223 2024 1297 diximus,

369 1315 378 1356 ς
441 1307 504 1353 ut
531 1295 672 1353 vivat
698 1298 860 1352 homo
887 1298 1025 1351 intus
1054 1297 1104 1350 in
1131 1295 1453 1360 utero,etsic
1479 1296 1729 1363 procedat
1752 1296 2027 1349 nativitate

371 1395 386 1442 ς
440 1370 498 1426 in
541 1369 821 1425 mundum.
862 1369 1050 1442 Alliﬂia
1081 1385 1110 1422 a
1137 1367 1388 1442 creatore
1429 1366 2023 1442 principium_habens,

441 1456 512 1496 ex
535 1456 641 1511 quo
662 1450 743 1494 est
765 1481 780 1507 ,
809 1439 1045 1511 perfecta
1084 1446 1167 1511 est
1200 1439 1252 1511 in
1282 1453 1480 1511 genere
1505 1453 1602 1511 suo
1628 1456 1640 1493 :
1667 1436 1805 1491 unde
1829 1452 1892 1490 ex
1922 1451 2028 1511 quo

365 1507 384 1580 ὲ
443 1507 567 1576 est;
595 1512 757 1568 sciret
778 1507 954 1564 oinnia
980 1526 1098 1580 quae
1123 1510 1190 1562 ab
1223 1509 1439 1562 homine
1468 1509 1591 1563 sciri
1636 1518 1894 1580 possunt,
1925 1507 2029 1562 nisi

357 1579 371 1654 ξ
442 1583 674 1654 gravitas
723 1583 898 1636 carnis
937 1579 1099 1636 esSet.
1126 1580 1279 1654 Quod
1327 1596 1432 1654 per,
1457 1581 1684 1649 primum
1713 1579 1986 1654 hominem
2012 1619 2027 1645 ,

355 1651 365 1686 Γ
443 1651 534 1724 qui
561 1663 683 1708 ante
702 1654 1094 1722 corruptionem
1119 1651 1466 1724 immanitatis
1488 1695 1502 1717 ,
1527 1668 1592 1724 ex
1619 1667 1724 1724 quo
1752 1651 1868 1714 fuit,
1900 1667 2024 1724 per:

443 1721 582 1780 fecte
608 1725 791 1778 habuit
813 1721 1087 1779 scientiam
1118 1723 1426 1784 humanam,
1463 1723 1672 1790 probari
1708 1731 1897 1789 potest.
1925 1721 2031 1776 Sed

447 1797 608 1853 modo
633 1804 883 1866 corrupta
927 1800 1250 1850 humanitate
1273 1835 1288 1861 ,
1315 1810 1383 1849 ex
1410 1809 1515 1863 quo
1541 1801 1879 1863 coniungitur
1905 1807 2027 1846 cor-

449 1869 680 1937 ruptioni
704 1910 719 1934 ,
750 1867 1126 1935 corrumpitur.
1157 1866 1266 1920 Nec
1301 1867 1651 1937 proprietates
1692 1879 1819 1937 suas
1855 1870 2030 1937 potest

451 1933 725 2013 exercere,
749 1933 1037 2013 donecusu
1059 1947 1112 1992 et
1133 1937 1453 2013 experientia
1475 1945 1529 2013 et
1551 1934 1771 2013 alicujus
1790 1933 2031 2013 doctrina-

451 2010 665 2064 incitata
696 2003 880 2077 incipit
907 2003 1238 2072 discernere;
1272 2007 1432 2062 veluti
1461 2007 1505 2059 si
1542 2008 1662 2077 quis
1685 2003 1806 2059 cum
1850 2003 2032 2077 subtili

451 2083 573 2133 licet
615 2081 726 2133 acie
765 2073 1036 2133 oculorum
1085 2080 1135 2132 in
1165 2078 1441 2131 tenebrosa
1471 2073 1783 2131 detrudatur
1803 2114 1820 2140 ,
1850 2073 2032 2129 videre

444 2156 623 2202 tamen
646 2161 754 2201 non
782 2155 960 2217 potest
984 2147 1056 2200 ibi
1081 2189 1096 2214 ,
1124 2146 1227 2200 nisi
1255 2146 1401 2215 prius
1441 2154 1714 2201 assuescat
1750 2147 1986 2203 tenebris
2013 2189 2029 2216 ,

442 2218 529 2273 vel
557 2219 739 2274 lumen
767 2219 1108 2274 accendatur.
1141 2217 1293 2272 Unde
1325 2217 1607 2283 Virgilius:

691 2296 927 2352 Quantum
951 2302 1047 2352 non
1076 2288 1450 2352 noxiaueorpora
1479 2287 1685 2352 tardant.

963 2349 1170 2413 (Aineid.
1198 2348 1281 2399 lib.
1305 2348 1354 2408 6,
1379 2361 1502 2413 vers.
1527 2351 1660 2411 751.)

441 2414 511 2470 Ει
537 2415 663 2471 licet
699 2414 819 2469 alia:
852 2411 980 2469 sint
1005 2415 1241 2467 actiones
1284 2412 1528 2482 corporis
1551 2453 1565 2476 ,
1591 2421 1645 2466 et
1681 2412 1800 2466 alizc
1840 2411 2034 2467 animae

443 2487 716 2550 actiones;
750 2496 923 2538 tamen
967 2483 1208 2552 corporis
1237 2482 1366 2536 vitia
1415 2483 1500 2536 vel
1539 2483 1762 2536 virtutes
1804 2490 2033 2552 pessunt

441 2572 563 2612 esse
607 2557 819 2610 animae.
857 2555 988 2608 Cum
1019 2555 1161 2608 enim
1191 2553 1256 2608 ad
1300 2553 1400 2606 hoc
1436 2552 1506 2605 sit
1549 2553 1727 2607 anima
1771 2553 1892 2608 data
1919 2594 1933 2619 ,
1979 2561 2037 2608 ut

440 2627 656 2682 illicitos
685 2626 861 2681 carnis
890 2632 1069 2680 motus
1095 2624 1327 2694 corrigat
1351 2665 1366 2688 ,
1391 2623 1689 2692 ignorantia
1733 2624 1875 2678 illius
1901 2639 2036 2679 con-

441 2699 652 2768 tingunt
693 2697 777 2752 vel
819 2697 1160 2768 negligentia.
1198 2694 1361 2768 Sicut
1385 2695 1438 2768 _si
1466 2694 1881 2768 veldiscipulus
1910 2697 2037 2752 'vel

439 2764 628 2825 servus
654 2764 985 2838 negligentia
1007 2766 1241 2838 doctoris
1261 2765 1347 2820 vel
1366 2764 1575 2819 domini
1629 2777 1834 2838 peccat,
1863 2768 2036 2838 magi-

443 2849 556 2894 ster
581 2840 666 2895 vel
691 2837 942 2894 dominus
967 2847 1115 2892 extra
1137 2837 1347 2906 culpam
1374 2851 1482 2890 non
1504 2844 1606 2902 est;
1628 2837 1705 2892 sic
1730 2838 1907 2892 anima
1931 2837 2036 2893 illis

441 2911 873 2981 contingentibus
899 2917 1048 2965 extra
1074 2909 1286 2981 culpam
1306 2921 1416 2964 non
1434 2915 1538 2976 est,
1564 2923 1686 2963 cum
1713 2909 1816 2964 ista
1842 2909 2037 2966 debeat

440 2980 728 3052 imperare,
758 2991 812 3036 et
837 2982 924 3052 illa
954 2980 1196 3036 obedire.

507 3051 735 3110 CAPUT
764 3051 945 3107 XLIX.
994 3052 1187 3107 Sensus
1228 3061 1276 3105 et
1316 3052 1372 3106 in
1397 3051 1624 3106 interiori
1665 3051 1886 3106 homine.
1924 3051 2038 3108 Meo

439 3125 672 3179 ditationi
691 3125 995 3178 incumbere.
1022 3122 1096 3194 (a)
1121 3123 1336 3178 Duabus
1357 3121 1666 3178 substantiis
1687 3133 1890 3178 tantum
1909 3139 2038 3179 con-

439 3205 546 3250 stat
570 3196 753 3264 homo,
776 3196 952 3250 anima
973 3205 1027 3250 et
1046 3211 1209 3250 carne
1234 3213 1247 3249 :
1270 3195 1443 3249 anima
1464 3210 1586 3248 cum
1613 3194 1820 3250 ratione
1841 3210 1956 3261 sua,
1982 3204 2038 3252 et

439 3283 603 3323 carne
633 3283 756 3322 cum
790 3267 1034 3322 sensibus
1062 3269 1191 3321 suis.
1223 3266 1368 3334 Quos
1399 3274 1578 3320 tamen
1605 3281 1795 3320 sensus
1834 3267 2037 3336 absque

437 3339 632 3393 anima:
662 3339 916 3394 societate
945 3353 1050 3391 non
1083 3347 1263 3392 movet
1289 3352 1413 3392 caro
1432 3377 1446 3400 ,
1476 3337 1652 3390 anima
1681 3352 1811 3391 vero
1836 3347 1891 3392 et
1919 3342 2037 3393 sine

437 3425 603 3465 carne
642 3411 900 3465 rationale
929 3425 1082 3464 suum
1124 3417 1290 3464 tenet.
1322 3408 1624 3463 Notandum
1672 3416 1850 3462 tamen
1894 3408 2035 3476 quod

439 3482 600 3536 iidem
629 3481 727 3550 ipsi
757 3497 968 3548 sensus,
995 3481 1084 3550 qui
1112 3481 1163 3533 in
1195 3479 1449 3534 exteriori
1474 3478 1690 3532 homine
1719 3478 2036 3532 describun-

438 3561 548 3619 tur,
579 3553 738 3606 simili
768 3553 925 3606 modo
953 3551 1244 3606 secundum
1278 3550 1492 3604 modum
1521 3565 1673 3603 suum
1705 3550 1756 3602 in
1790 3550 2033 3604 interiori

438 3639 558 3678 esse
585 3622 1026 3688 manifestantur;
1056 3621 1177 3690 quia
1205 3622 1505 3689 spirituales
1531 3636 1617 3674 res
1649 3635 1754 3674 non
1782 3634 2036 3687 corpora-

439 3695 582 3748 libus
607 3694 873 3754 sensibus,
904 3693 994 3746 sed
1027 3691 1392 3759 spiritualibus
1419 3691 1676 3744 rimandae
1705 3700 1847 3744 sunt.
1879 3691 2034 3748 Unde

439 3765 621 3834 divina
647 3778 752 3816 vox
781 3763 833 3816 in
863 3762 1276 3834 Deuteronomio
1312 3762 1422 3814 ait:
1462 3760 1634 3814 Videte
1669 3763 1916 3834 guoniam
1943 3779 2033 3834 ego

437 3852 552 3890 sum
588 3832 727 3886 Deus
751 3875 767 3899 ,
800 3841 845 3886 et
884 3849 985 3885 non
1017 3841 1092 3885 est
1127 3833 1260 3885 alius
1306 3840 1487 3900 prwter
1526 3848 1606 3883 me
1632 3831 1808 3900 (Deut.
1839 3831 1990 3888 XXXIi
2016 3875 2030 3901 ,

439 3906 554 3972 59).
585 3905 653 3957 Et
683 3906 734 3957 in
764 3903 1082 3974 Apocalypsi
1109 3920 1123 3956 :
1158 3902 1270 3974 Qui
1289 3902 1434 3974 habet
1459 3919 1605 3974 aures
1629 3904 1870 3974 audiendi
1897 3946 1909 3965 ,
1942 3922 2034 3957 au-

439 3978 547 4029 diat
577 3975 698 4043 quid
729 3974 953 4043 Spiritus
971 3973 1118 4026 dicat
1150 3973 1387 4027 Ecclesiis
1417 3973 1601 4041 (Apoc.
1632 3990 1700 4037 ll,
1734 3973 1850 4045 29).
1883 3975 1950 4029 Et
1978 3975 2034 4031 in

442 4046 702 4103 Psalterio
727 4063 740 4098 :
773 4045 1001 4111 Gustate,
1034 4055 1081 4099 et
1108 4045 1268 4098 videte
1292 4045 1533 4113 quoniam
1559 4045 1729 4097 suavis
1755 4056 1826 4099 est
1854 4045 2035 4100 Domi-

436 4135 535 4192 nus
564 4115 737 4192 (Psal.
785 4132 990 4192 xxxnt,
1164 4116 1229 4192 Et
1267 4115 1592 4185 Apostolus:
1619 4113 1828 4192 ‘Cliristi
1870 4117 2034 4192 bonus

440 4186 583 4258 odor'
610 4205 804 4254 sum-us,
831 4197 878 4241 et
921 4186 973 4241 in
1015 4187 1080 4241 iis
1120 4189 1204 4255 qui
1245 4196 1488 4258 pereunt,
1539 4195 1587 4240 et
1612 4186 1665 4239 in
1692 4188 1754 4241 iis
1796 4189 1880 4258 qui
1908 4189 2034 4242 salui

440 4257 570 4333 ﬁunt
599 4259 810 4333 (ll_Cor.
843 4274 913 4322 ll,
957 4259 1072 4333 iii).
1107 4259 1172 4313 Et
1211 4257 1584 4333 iu_Evangelio
1615 4257 1870 4314 Dominus
1911 4276 2032 4333 mu-

437 4330 625 4387 lierem
651 4331 756 4401 ﬁde
785 4345 845 4385 se
874 4330 1114 4401 tetigisse
1141 4330 1308 4401 magis
1337 4346 1498 4400 quam
1524 4345 1749 4398 corpore
1776 4332 2030 4397 ostendit,

439 4401 624 4457 dicens
656 4420 671 4457 :
701 4400 886 4472 Tetigit
926 4400 1005 4456 me
1031 4400 1248 4471 aliquis;
1285 4418 1403 4454 nam
1429 4410 1479 4455 et
1516 4417 1607 4472 ego
1633 4402 1764 4454 sensi
1803 4402 2034 4456 virtutem

438 4473 502 4526 de
530 4490 610 4527 me
647 4474 806 4528 emisse
835 4471 981 4542 (Luc.
1016 4488 1137 4537 vm,
1166 4473 1280 4542 46).
1309 4473 1396 4527 Sic
1423 4471 1556 4542 ergo
1575 4473 1696 4526 etim
1725 4474 1869 4526 omni
1901 4489 2031 4528 cau-

439 4545 548 4599 tela
575 4545 964 4600 observandum
991 4544 1217 4614 estquid
1244 4543 1310 4597 ad
1337 4544 1576 4613 corporis
1601 4558 1807 4614 sensus,
1833 4553 1887 4598 et
1907 4545 2033 4614 quid

439 4615 506 4669 ad
556 4615 747 4670 animm
794 4617 1057 4683 pertineat
1094 4613 1439 4684 dignitatem;
1485 4629 1550 4668 ne
1599 4613 1737 4668 forte
1781 4613 2035 4670 confusus

441 4683 576 4738 ordo
605 4692 658 4738 et
690 4686 1069 4738 irrationabilis
1098 4683 1380 4738 aestimatio
1407 4685 1602 4738 alicubi
1629 4701 1924 4753 repugnare
1950 4687 2033 4740 vi-

441 4755 635 4809 deatur
661 4755 888 4809 veritati.
919 4754 1033 4809 Non
1060 4765 1141 4809 est
1172 4755 1358 4809 tertius
1400 4756 1452 4808 in
1483 4754 1710 4808 hominis
1740 4757 2032 4812 substantia

442 4825 677 4895 spiritus,
712 4833 768 4878 ut
795 4825 1050 4895 Didymus
1084 4826 1388 4891 contendit;
1419 4826 1508 4880 sed
1547 4826 1767 4894 spiritus
1807 4828 1920 4892 ipsa
1949 4839 2032 4884 est

439 4897 618 4970 anima
641 4915 655 4970 ς
685 4912 803 4966 qum
828 4897 911 4951 vel
937 4913 1032 4965 pro
1058 4897 1317 4970 spirituali
1346 4905 1554 4970 natura,
1579 4898 1782 4970 velpro
1799 4911 1865 4953 eo
1891 4897 2034 4970 quod

442 4969 608 5038 spiret
639 4969 690 5021 in
717 4983 962 5037 corpore,
995 4969 1211 5035 Spiritus
1236 4969 1556 5038 appellatur.
1591 4969 1774 5022 Anima
1801 4969 1929 5023 vero
1957 4985 2025 5025 ex

441 5055 508 5094 eo
533 5048 787 5104 vocatur,
816 5039 954 5107 quod
981 5039 1048 5092 ad
1074 5039 1355 5093 vivendum
1385 5039 1468 5092 vel
1497 5039 1868 5093 vivilicandum
1914 5043 2030 5095 ani-

440 5119 552 5165 met
592 5125 805 5181 corpus.
853 5109 1088 5164 Tertium
1131 5125 1299 5177 vero,
1347 5109 1438 5179 qui
1484 5110 1551 5165 ab
1595 5111 1853 5235 Αἱροειυιο
1907 5128 2032 5168 cum

440 5183 618 5235 anima
644 5191 699 5235 et
727 5195 954 5235 corpore
978 5179 1259 5235 inducitur.
1290 5182 1531 5235 sniritum
1560 5181 1602 5235 (Ι
1671 5182 1801 5235 hess.
1829 5198 1884 5235 ν.
1911 5183 2028 5235 23).

438 5183 618 5256 anima
644 5179 702 5236 et
727 5195 954 5256 corpore
969 5179 1531 5256 _induci_tur,__spiritum
1560 5181 1602 5252 (Ι
1623 5179 1801 5237 Thess.
1829 5198 1884 5250 ν,
1911 5183 2028 5256 23),

439 5254 662 5324 gratiam
693 5253 862 5308 sancti
890 5251 1119 5321 Spiritus
1145 5252 1539 5324 intelligamus:
1562 5251 1720 5322 quam
1749 5263 1860 5307 orat
1889 5251 2031 5324 Apo-

439 5323 630 5396 stolus,
661 5333 720 5378 ut
743 5324 951 5396 integra
978 5331 1283 5396 perseveret
1310 5323 1563 5396 inenobis,
1581 5333 1875 5396 AneAnostro
1901 5325 2032 5383 vitio

436 5402 533 5454 aut
558 5395 844 5461 minuatur,
863 5392 1206 5466 'aut‘fugetur
1227 5409 1258 5449 a
1286 5394 1477 5460 nobis;
1505 5393 1626 5466 quia
1654 5392 1880 5464 Spiritus
1906 5413 2030 5451 san-

503 5488 523 5520 ι
558 5493 666 5538 Mss.
689 5485 806 5549 duo,
831 5486 1002 5539 Arabs.
1030 5486 1176 5548 Alius,
1201 5485 1400 5539 Arabas.

500 5551 524 5614 ξ
555 5557 629 5614 ετ.
656 5546 805 5613 Lugd.
830 5557 950 5614 ven.
976 5546 1182 5614 eum“:
1206 5554 1335 5601 Sicut
1357 5563 1469 5614 cum
1486 5546 1768 5614 discipulus.
1818 5557 1894 5614 at.

501 5611 579 5676 (α)
702 5611 935 5677 ceqnad'a
979 5612 1048 5677 de
1081 5619 1301 5677 W-
1327 5611 1767 5677 leegasb"mppa
1808 5613 1884 5677 1,9:
1933 5613 2050 5676 20;-

433 5673 601 5739 nugo,
618 5675 685 5739 de
705 5675 839 5739 Modo
856 5673 1058 5739 orandi,
1083 5673 1187 5739 cap.
1215 5675 1259 5724 1.
1289 5683 1399 5739 meo
1413 5675 1558 5725 etiam
1575 5673 1836 5726 mauselmi
1860 5673 2022 5726 Medit.

433 5737 503 5794 7;
525 5749 621 5798 qua
644 5738 1031 5789 iameditatione
1053 5737 1166 5791 sunt
1203 5738 1426 5801 quaedam
1447 5752 1557 5802 quae
1581 5739 1705 5801 apud
1749 5748 2023 5806 nugonem,

435 5797 526 5848 lib.
545 5797 610 5848 de
631 5798 778 5849 mlta
793 5800 984 5849 animae.

459 5809 526 5848 ID.
545 5809 610 5848 ue
631 5809 778 5849 mna
793 5811 984 5850 animae.

1907 243 2275 304 APPENDIX.

3611 257 3714 313 811)

2131 379 2242 423 ctus
2277 365 2481 446 effugiet
2507 368 2678 446 ﬁctum
2693 408 2710 446 ,
2725 373 2785 446 _et
2810 371 3012 446 auferet
3040 382 3096 423 se
3115 381 3148 422 a
3187 367 3574 440 cogitationibus
3609 390 3716 446 qu

2129 449 2245 494 sunt
2274 438 2395 494 sine
2411 439 2665 494 intellectu
2692 438 2846 511 (Sap.
2876 438 2926 505 ἰ,
2961 441 3041 509 5).

2199 511 2320 582 Jugi
2335 526 2463 587 ergo
2482 511 2823 587 meditatione
2839 512 3072 567 animum
3095 522 3332 569 nostrum
3349 529 3714 587 exerceamus,

2129 591 2185 654 et
2211 583 2609 638 consideremus
2635 583 2874 638 miserias
2902 593 2956 639 et
2986 587 3334 641 necessitates
3361 598 3572 641 nostras
3595 631 3612 654 ,
3643 583 3717 647 la;

2131 653 2288 709 bores
2313 663 2369 710 et
2392 655 2624 710 dolores.
2649 653 2912 725 Lugentes
2948 656 3090 711 enim
3119 657 3168 710 in
3202 657 3340 714 hanc
3367 660 3529 713 vitam
3555 653 3716 717 intra-

2130 725 2324 790 vimus,
2369 742 2492 780 cum
2538 726 2725 782 labore
2752 727 3005 793 vivimus,
3047 742 3169 782 cum
3212 729 3401 784 dolore
3441 739 3497 784 et
3534 731 3716 789 timore

2133 797 2325 851 exituri
2362 811 2564 852 sumus.
2603 795 2916 870 Cogitemus
2945 813 3073 870 ergo
3115 816 3273 870 quam
3303 801 3372 856 sit
3412 801 3595 858 brevis
3620 807 3716 858 vita

2133 878 2314 922 nostra
2335 909 2349 935 ,
2384 885 2540 938 quam
2565 868 2648 940 via
2680 870 2880 925 lubrica
2900 911 2914 935 ,
2941 868 3098 940 quam
3125 868 3271 926 mors
3300 883 3445 927 certa
3464 912 3480 938 ,
3511 882 3569 928 et
3599 874 3716 932 hora

2134 940 2321 993 mortis
2351 940 2571 996 incerta.
2596 939 2904 1011 Cogitemus
2930 939 3143 1011 quantis
3162 943 3610 1001 amaritudinibus
3634 947 3716 1001 ad-

2135 1011 2358 1087 mixtum
2386 1011 2488 1079 sit,
2517 1014 2559 1066 si
2587 1011 2711 1081 quid
2735 1013 3010 1087 dulceaut
3047 1013 3343 1082 jucundum
3375 1016 3428 1070 in
3457 1017 3545 1069 via
3574 1016 3717 1087 hujus

2133 1082 2257 1136 vita)
2284 1097 2509 1138 occursu
2536 1098 2633 1157 suo
2663 1085 2814 1157 nobis
2841 1083 3057 1148 alludit;
3088 1100 3246 1157 quam
3270 1087 3427 1141 fallax
3457 1097 3514 1140 et
3539 1082 3716 1157 suspe-

2135 1161 2311 1229 ctum,
2357 1170 2514 1229 quam
2542 1154 2788 1209 instabile
2833 1165 2897 1229 et
2935 1156 3294 1229 transitorium
3335 1167 3418 1212 est
3471 1154 3717 1229 quidquid

2134 1223 2292 1300 hujus
2316 1227 2499 1300 mundi
2525 1227 2945 1300 amorparturit,
2971 1226 3224 1300 quidquid
3255 1230 3463 1300 species
3491 1223 3585 1284 aut
3611 1223 3716 1300 pul-

2136 1296 2381 1351 chritudo
2423 1298 2729 1367 temporalis
2775 1296 3051 1366 promittit.
3102 1296 3521 1354 Consideremus
3570 1296 3717 1358 etiam

2134 1381 2253 1443 quge
2291 1369 2360 1443 sit
2397 1369 2848 1443 patriaectelestis
2893 1369 3248 1443 pulchritudo,
3293 1373 3532 1443 suavitas
3576 1383 3719 1443 atque

2135 1437 2381 1513 dulcedo.
2408 1439 2756 1513 Attendamus
2777 1450 2828 1494 et
2845 1437 3237 1513 perpendamus
3255 1442 3398 1497 unde
3413 1437 3714 1513 cecidimus,

2136 1518 2191 1564 et
2216 1511 2304 1564 ubi
2327 1511 2566 1580 jacemus
2590 1528 2604 1577 ;
2631 1511 2758 1584 quid
2788 1512 3136 1580 perdidimus,
3164 1523 3216 1568 et
3239 1514 3366 1584 quid
3392 1511 3715 1571 invenimus;

2137 1588 2196 1634 ut
2238 1598 2304 1654 ex
2355 1591 2579 1654 utmque
2626 1583 2982 1652 intelligamus
3022 1583 3276 1654 quantum
3327 1585 3481 1640 nobis
3529 1586 3584 1638 in
3629 1587 3718 1641 hoc

2137 1653 2330 1706 exsilio
2355 1653 2640 1723 lugendum
2687 1654 2775 1707 sit.
2824 1654 2956 1708 Hinc
2999 1653 3141 1709 enim
3171 1654 3425 1710 Salomon
3469 1656 3582 1710 ait:
3628 1659 3719 1725 Qui

2138 1725 2348 1798 apponit
2391 1725 2688 1798 scientiam,
2721 1726 2932 1795 apponit
2959 1735 3006 1780 et
3043 1725 3269 1780 dolorem
3295 1725 3488 1794 (Eccle.
3517 1744 3568 1793 ι,
3608 1730 3714 1798 18).

2139 1794 2276 1868 Quia
2287 1805 2530 1868 _quanlor
2556 1797 2723 1866 magis
2757 1794 2918 1850 humo
2959 1811 3054 1852 sua
3091 1798 3231 1852 mala
3273 1797 3525 1868 intelligit,
3573 1794 3716 1855 tanto

2139 1865 2366 1932 amplius
2391 1867 2621 1936 suspirat
2645 1865 2697 1921 et
2723 1869 2909 1936 gemit.

2210 1936 2434 2012 CAIIUT
2469 1937 2544 2012 _L.
2596 1938 2915 2012 _Meditatio“
2950 1941 3115 2012 quid.
3152 1940 3396 1996 Scientia.
3469 1940 3718 2012 Compan-

2139 2007 2257 2061 ctio.
2301 2007 2778 2082 Devo_tio.__0ratio.
2819 2007 3064 2082 Affectus.
3098 2011 3176 2082 (α)
3226 2012 3448 2067 Scientia
3495 2007 3720 2067 sui'aliis

2142 2079 2502 2152 prwpouenda.
2528 2080 2796 2134 Meditatio
2811 2081 3071 2151 siquidem
3092 2079 3227 2152 parit
3239 2083 3548 2150 scientiam,
3567 2085 3718 2140 scien-

2140 2151 2210 2203 tia
2237 2153 2724 2221 compunctionem,
2756 2151 3103 2221 compunctio’
3119 2153 3488 2219 devotionem,
3525 2155 3718 2211 devotio

2138 2220 2347 2296 perﬁcit
2375 2222 2690 2277 orationem.
2722 2220 2992 2296 hleditatio
3033 2233 3115 2279 est
3143 2223 3396 2295 frequens
3433 2228 3712 2296 cogitatio,

2139 2291 2350 2365 curiosa
2387 2301 2441 2348 et
2483 2308 2643 2363 sagax
2687 2294 2911 2349 obscura
2951 2291 3292 2365 investigare.
3322 2305 3378 2351 et
3419 2291 3629 2352 occulta
3661 2291 3716 2353 ad

2139 2363 2383 2442 notitiam
2412 2365 2645 2442 trahere.
2674 2365 2904 2442 Scientia
2929 2375 3010 2442 est
3033 2363 3254 2442 quando
3269 2366 3432 2422 homo
3463 2368 3534 2442 a_d
3559 2371 3714 2442 cogni-

2142 2433 2342 2510 tionem
2371 2436 2452 2488 sui
2478 2436 2688 2510 assidua
2717 2433 3064 2510 meditatione
3089 2437 3438 2494 illuminatur.
3465 2433 3714 2510 Comp'un-

2141 2505 2246 2558 ctio
2275 2513 2358 2559 cst
2381 2506 2596 2575 quando
2634 2523 2701 2562 ex
2737 2507 3161 2564 consideratione
3202 2510 3467 2566 malorum
3521 2505 3716 2567 suorum

2141 2576 2472 2652 cor-interno
2500 2577 2686 2652 dolore
2727 2579 2975 2652 tangitur.
3007 2580 3227 2652 Devotio
3252 2589 3336 2635 est
3367 2584 3493 2652 pius
3541 2593 3594 2636 et
3630 2584 3716 2637 hu-

2142 2645 2282 2701 milis
2311 2646 2530 2704 aﬁ‘ectus
2567 2650 2620 2704 in
2650 2645 2855 2714 Deum';
2881 2650 3096 2704 humilis
3119 2667 3183 2707 ex
3212 2645 3551 2708 conscientia
3592 2654 3717 2709 inﬁr-

2143 2718 2344 2792 mitatis
2359 2721 2602 2792 propriae,
2620 2720 2739 2792 pius
2758 2736 2824 2779 ex
2844 2721 3266 2778 consideratione
3284 2723 3494 2781 divinae.
3509 2725 3719 2781 clemen-

2144 2788 2250 2861 tiae.
2278 2788 2470 2845 Oratio
2501 2801 2584 2847 est
2623 2788 2819 2848 mentis
2847 2793 3092 2860 devotio,
3123 2793 3173 2848 id
3204 2802 3319 2861 est,
3366 2797 3649 2852 conversio
3673 2799 3718 2850 in

2143 2859 2310 2914 Deum
2350 2876 2447 2931 per
2492 2863 2637 2932 pium
2685 2873 2738 2920 et
2774 2863 3028 2919 humilem
3067 2859 3334 2920 allectum.
3368 2867 3616 2924 Allectus
3652 2879 3720 2923 est

2142 2940 2435 3004 _spontanea
2480 2934 2719 3004 quaedam
2747 2950 2810 2990 ac
2846 2935 3019 2991 dulcis
3049 2935 3214 3004 ipsius
3251 2937 3414 2992 animi
3455 2940 3527 2994 ad
3579 2939 3719 2994 Deum

2142 3001 2547 3079 inclinatio.__Nil
2576 3007 2718 3060 enim
2746 3007 2828 3079 ita
2849 3007 3014 3079 Deum
3048 3001 3270 3062 inclinat
3303 3007 3372 3062 ad
3407 3010 3660 3079 pietatem
3677 3019 3720 3066 et

2141 3075 2584 3147 misericordiam,
2607 3076 3051 3146 quemadmodum
3079 3094 3244 3147 purus
3269 3075 3468 3135 mentis
3491 3082 3718 3138 affectus.

2214 3146 2501 3204 Seientiam
2529 3149 2826 3204 caelestium
2857 3157 2912 3203 et
2943 3146 3272 3204 terrestrium
3309 3166 3493 3206 rerum
3524 3153 3720 3208 laudare

2142 3225 2300 3288 atque
2346 3234 2526 3273 amare
2576 3221 2752 3275 solent
2798 3219 3077 3286 homines;
3125 3221 3221 3277 sed
3269 3223 3436 3277 multo
3486 3225 3722 3279 meliores

2141 3298 2285 3364 sunt,
2311 3290 2544 3364 quihuic
2561 3293 2798 3364 scientize
2813 3301 3133 3362 prazponunt
3152 3309 3373 3350 noscere
3393 3297 3718 3364 semetipsos.

2141 3359 2482 3415 Laudabilior
2504 3362 2762 3432 siquidem
2793 3359 3001 3418 animus
3021 3372 3123 3430 est,
3151 3366 3240 3420 cui
3265 3374 3384 3420 nota
3405 3377 3484 3419 est
3507 3359 3717 3421 miseria

2142 3445 2234 3485 sua
2254 3473 2269 3498 ,
2301 3447 2457 3501 quam
2487 3435 2576 3503 qui
2603 3449 2665 3490 ea
2695 3450 2800 3489 non
2829 3445 3070 3503 respecta
3095 3477 3110 3501 ,
3144 3436 3256 3491 vias
3287 3435 3507 3491 siderum
3535 3447 3592 3492 et
3619 3451 3715 3491 na-

2142 3511 2288 3576 turas
2317 3519 2506 3576 rerum
2533 3514 2814 3560 scrutatur.
2855 3506 2952 3572 Qui
2987 3521 3116 3562 vero
3139 3506 3250 3576 jam
3282 3509 3336 3562 in
3365 3508 3530 3562 Deum
3557 3506 3717 3576 evigi-

2141 3573 2268 3627 lavit
2306 3574 2535 3643 Spiritus
2578 3578 2747 3650 sancti
2776 3577 2955 3650 calore
2995 3573 3290 3645 excitatus,
3319 3588 3477 3650 atque
3520 3580 3581 3634 in
3617 3573 3723 3648 eius

2140 3659 2324 3718 amore
2353 3661 2532 3700 coram
2563 3662 2622 3703 se
2640 3649 2821 3714 viluit,
2849 3648 2914 3702 ad
2941 3663 3171 3718 eumque
3201 3648 3402 3705 intrare
3426 3651 3614 3706 volens
3635 3666 3720 3705 nec

2141 3716 2342 3778 valens,
2369 3732 2540 3787 eoque
2559 3719 2657 3774 sibi
2688 3721 2894 3774 lucente
2918 3716 3143 3775 attendit
3163 3720 3214 3773 in
3240 3736 3299 3775 se
3316 3761 3331 3784 ,
3355 3729 3409 3775 et
3429 3721 3632 3777 invenit
3650 3738 3718 3786 se.

2139 3801 2396 3857 suamque
2408 3791 2774 3858 mgritudinem
2789 3790 2926 3862 illius
2939 3790 3210 3862 munditiae
3222 3795 3719 3862 contemperarinon

2141 3873 2297 3932 posse
2313 3861 2626 3932 cognoscit;
2652 3862 2804 3916 dulce
2827 3861 2986 3916 habet
3005 3860 3156 3928 ﬁere,
3179 3877 3405 3931 eumque
3428 3860 3654 3932 precari,
3674 3872 3721 3916 ut

2139 3929 2223 4003 _sui
2254 3931 2566 3986 misereatur
2587 3972 2603 3997 ,
2633 3941 2901 4003 totamque
2925 3934 3041 4002 ejus
3079 3929 3343 3987 miseriam
3371 3929 3557 3989 exuat.
3588 3936 3720 3988 Hunc

2140 3999 2318 4076 itaque
2346 4012 2588 4076 egentem
2618 4013 2680 4076 et
2699 3999 2968 4059 dolentem
2993 4004 3212 4058 scientia
3238 4019 3343 4059 non
3390 4005 3541 4060 inﬂat
3560 4048 3576 4070 ,
3613 4007 3720 4076 quia

2139 4070 2639 4144 _charitasiaediticat.
2667 4075 2966 4144 Prmposuit
2994 4076 3136 4128 enim
3163 4076 3438 4130 scientiam
3472 4070 3717 4139 scientia,

2140 4141 2190 4195 id
2202 4152 2304 4218 _est,
2324 4143 2462 4218 scire
2478 4161 2535 4200 se
2553 4147 2723 4217 ipsum
2737 4141 2802 4201 et'
2815 4145 3171 4201 inﬁrmitatem
3185 4161 3358 4218 suam,
3380 4148 3553 4218 magis
3578 4163 3720 4218 quam

2139 4213 2277 4268 scire
2307 4215 2444 4270 vires
2473 4213 2778 4284 herbarum,
2805 4229 2860 4272 et
2886 4225 3101 4271 naturas
3126 4217 3433 4272 animalium
3459 4213 3564 4275 {et
3594 4213 3716 4274 hanc

2138 4287 2455 4359 apponendo
2480 4290 2754 4342 scientiam
2779 4331 2795 4355 ,
2838 4289 3085 4359 apposuit
3107 4297 3163 4343 et
3185 4287 3426 4344 dolorem
3450 4332 3464 4356 ,
3492 4291 3716 4345 dolorem

2139 4357 2340 4430 scilicet
2369 4359 2807 4429 peregrinationis
2827 4357 2937 4415 suae
2967 4361 2983 4391 ί
3005 4375 3071 4415 ex
3097 4359 3362 4415 desiderio
3388 4362 3576 4430 patria:
3596 4378 3714 4426 suae,

2139 4436 2192 4481 et
2221 4428 2439 4502 visionis
2470 4428 2583 4502 Dei,
2611 4446 2768 4500 quem
2791 4446 3012 4486 cernere
3040 4431 3161 4485 ﬁnis
3186 4432 3207 4463 ³
3232 4449 3245 4484 :
3275 4432 3359 4487 cui
3382 4428 3467 4486 est
3491 4434 3651 4502 gloria
3674 4433 3716 4486 ia

2138 4499 2330 4572 saecula
2354 4499 2696 4572 saeculorum.
2729 4504 2897 4558 Amen
2929 4502 2969 4554 ³.
2999 4502 3152 4557 Dolet
3175 4503 3263 4572 qui
3287 4499 3711 4566 tenetur-exsilio,

2138 4571 2262 4638 quia
2287 4570 2526 4646 diﬁ‘ertur
2550 4588 2581 4646 a
2624 4589 2809 4646 regno.
2859 4573 3015 4628 Dolet
3039 4573 3165 4646 dum
3195 4570 3508 4646 recordatur
3531 4591 3650 4646 qua:
3669 4582 3712 4628 et

2138 4651 2332 4709 quanta
2361 4642 2497 4696 mala
2544 4642 2706 4711 fecit,
2737 4654 2791 4700 et
2815 4660 2974 4715 quam
3009 4644 3374 4702 intolerabiles
3415 4642 3602 4718 pcnnis
3628 4659 3716 4716 pro

2140 4711 2242 4764 illis
2271 4728 2521 4764 passurus
2546 4716 2634 4764 sit.

2140 4716 2242 4766 illis
2271 4728 2521 4778 passurus
2546 4716 2634 4769 sit.

2209 4782 2432 4838 CAPUT
2455 4785 2538 4840 Ll.
2575 4786 2794 4841 Attentio
2832 4803 2892 4841 ac
2911 4787 3157 4842 discussio
3196 4787 3298 4843 sui.
3339 4787 3710 4844 Consideratie-

2137 4870 2225 4909 nes
2276 4855 2466 4910 vitiosa:
2488 4857 2588 4927 (b).
2617 4857 2748 4913 Cum
2778 4859 2923 4914 nulla
2953 4860 3176 4915 scientia
3205 4860 3394 4916 melior
3417 4862 3490 4916 sit
3514 4862 3598 4917 illa
3617 4874 3714 4931 qua

2203 4968 2226 5045 ᾗ
2243 4974 2330 5045 _tir.
2352 4967 2501 5045 L'ugd.
2517 4977 2646 5045 ⁹νεὶ-[ρ.
2673 4978 2781 5021 Lov.
2819 4971 2890 5022 sic
2911 4971 3102 5045 legunt.
3121 4971 3252 5023 hunc
3510 4976 3579 5045 μ’

2135 5032 2432 5104 opponendo.
2457 5032 2722 5104 scientiam,
2737 5032 2986 5104 “apposui?
3021 5033 3252 5098 dolorem,
3287 5033 3343 5087 id
3385 5040 3460 5087 est
3491 5035 3716 5101 defectum

2136 5099 2533 5158 peregrinationis
2555 5109 2672 5147 suae.
2737 5102 2794 5145 Μ.
3552 5099 3558 5101 ⁷

2245 5157 2336 5232 ilic
2369 5155 2605 5232 clauditur
2628 5159 2756 5232 liber
2790 5159 3090 5232 in_omnihus
3116 5162 3299 5232 nostris
3330 5165 3460 5220 Mss,
3487 5157 3606 5232 apud
3628 5165 3711 5206 Hu-

2135 5230 2314 5282 gonem
2338 5225 2391 5268 et
2412 5217 2683 5270 Alcberum.
2710 5229 2823 5280 Quae
2840 5227 3007 5272 tamen
3040 5229 3308 5286 supersunt
3335 5217 3606 5273 uenalium
3642 5233 3710 5268 m-

2135 5287 2290 5329 uuunt
2321 5287 2585 5332 auctorem.

2170 5401 2182 5412 ο
2199 5343 2221 5374 ⁸
2239 5348 2326 5415 .Er.
2353 5351 2405 5393 et
2420 5351 2540 5415 ven.
2563 5345 2810 5415 omittunt,
2847 5357 2989 5410 quem
3023 5359 3221 5415 cernere
3253 5345 3368 5415 finis
3395 5344 3512 5415 :_cui
3529 5351 3597 5397 est
3616 5342 3712 5415 glo-

2134 5404 2486 5474 riainsazcuia
2503 5404 2810 5474 graculorum;
2858 5404 3020 5474 'Angen.
3065 5409 3200 5474 Apud
3240 5404 3393 5474 Lugd.
3429 5409 3531 5474 haec
3565 5404 3710 5456 ve'tba

2134 5468 2288 5536 uncis
2312 5467 2689 5536 eoqcluduntur,
2729 5483 2840 5521 uim
2887 5467 3209 5536 adnotatione,
3242 5467 3490 5536 mai-giuali
3527 5483 3541 5519 :
3589 5486 3613 5516 ι
3633 5475 3709 5515 nu

2141 5545 2165 5575 ι
2186 5527 2622 5606 ῖεξςδέθηὲιηὲρξωι
2643 5527 2723 5583 hic
2744 5541 2916 5606 vetera
2940 5533 3310 5606 exemplaria-'3
3347 5527 3435 5606 ἰιι
3493 5594 3522 5606 ,.

2133 5589 2270 5703 29(a)
2304 5599 2416 5641 Haec
2438 5597 2491 5642 et
2511 5593 2562 5642 in
2583 5596 2861 5658 Appendice
2883 5589 3110 5646 Bernardi
3128 5631 3144 5657 ,
3175 5595 3242 5647 de
3263 5594 3572 5651 Conscientia,
3598 5602 3703 5651 εει·-

2195 5715 2268 5782 (b)
2289 5718 2391 5794 vid;
2417 5717 2502 5794 lib.
2525 5721 2605 5794 cit.
2629 5719 2694 5771 de
2717 5720 3155 5794 (IEtllSCiCil‘liaimp.
3170 5721 3265 5782 ὥς
3288 5720 3384 5794 vid.
3415 5729 3547 5777 etiam
3570 5728 3667 5771 tte-

2133 5794 2269 5846 capp.
2295 5782 2420 5847 6,3;
2453 5791 2505 5834 et
2548 5793 2690 5848 Hug.,
2735 5784 2799 5835 de
2824 5784 2970 5834 tnstit.
3011 5782 3181 5848 NoviL,
3218 5784 3391 5847 eam}.
