3860 6366
165 332 263 390 81⁸1

175 442 426 519 magis:
443 440 628 499 homo
649 441 1017 514 semetipsum,
1037 440 1380 519 discutiamus
1395 443 1764 519 cogitationes,

179 513 449 574 locutiones
470 525 655 586 atque
680 513 851 583 opera
866 523 1068 569 nostra.
1091 513 1396 586 Quidgenim
1422 513 1641 586 prodest
1665 532 1764 571 no-

177 592 267 654 bis,
302 588 345 644 si
386 584 580 658 rerum
637 586 872 642 omnium
914 594 1128 658 naturas
1173 584 1437 640 subtiliter
1476 585 1764 658 investige-

171 674 313 725 mus,
357 656 671 713 efﬁcaciter
713 655 1261 726 comprehendamus,
1312 664 1366 712 et
1405 655 1764 727 nosmetipsos

171 746 264 787 non
303 728 720 799 intelligamus?
764 727 1144 799 Examinemus
1196 742 1326 799 ergo
1365 744 1484 799 quae
1535 728 1762 786 fecimus

168 817 288 868 nos,
335 801 382 855 si
427 797 742 855 secundum
791 797 934 869 quod
975 797 1285 866 debuimus,
1326 797 1397 855 ea'
1435 801 1758 857 fecerimus:

173 871 561 930 consideremus
618 885 686 925 ea
740 868 862 938 qua:
908 868 1098 924 facturi
1144 885 1364 936 sumus,
1423 872 1470 926 si
1517 872 1622 926 sint
1669 887 1760 927 se-

174 943 381 999 cundum
413 943 622 997 Deum.
661 941 830 996 Valde
855 941 1120 1011 siquidem
1156 949 1242 996 est
1277 943 1576 998 necessaria
1607 944 1759 1000 nobis

173 1013 566 1085 circumspectio
623 1012 1074 1085 examinationis;
1130 1023 1393 1085 quatenus
1441 1028 1536 1082 per
1590 1028 1757 1085 expe-

174 1083 397 1142 rientiam
437 1099 639 1140 eorum
687 1099 808 1154 qua:
859 1083 1112 1150 iecimus,
1159 1083 1227 1139 ad
1276 1100 1338 1140 ea
1390 1097 1509 1155 quae
1552 1083 1756 1155 agenda

171 1166 280 1212 sunt
317 1157 590 1211 mutiores
629 1155 939 1211 reddamur.
966 1155 1120 1227 Saepe
1161 1171 1390 1226 namque
1437 1172 1570 1226 opus
1614 1157 1757 1227 quod

171 1228 293 1283 bona
318 1228 626 1282 intentione
658 1227 898 1282 inchoari
925 1226 1212 1294 credimus,
1239 1236 1384 1282 tanto
1407 1227 1566 1284 citius
1587 1226 1642 1282 in
1661 1228 1757 1285 de-

174 1301 412 1370 ceptionis
452 1299 717 1368 laqueum
748 1313 847 1352 nos
886 1299 1218 1367 praecipitat,
1259 1307 1458 1369 quanto
1485 1299 1551 1355 de
1577 1300 1756 1356 inten-

176 1372 315 1425 tionis
336 1381 538 1426 nostra:
571 1370 840 1440 principio
867 1370 1040 1424 securi
1072 1370 1232 1424 linem
1273 1371 1497 1425 actionis
1525 1387 1630 1425 non
1660 1372 1757 1428 ob-

177 1457 428 1498 servamus
455 1460 469 1496 :
495 1451 553 1496 et
586 1442 959 1511 imprudentes
986 1441 1136 1510 quasi
1157 1442 1240 1495 via
1267 1442 1420 1510 plana
1449 1442 1515 1497 ad
1547 1441 1754 1498 foveam

177 1516 444 1576 currimus;
474 1513 602 1583 quia
621 1513 866 1567 videmus
887 1512 1009 1581 quid
1028 1512 1270 1578 facimus,
1294 1513 1387 1567 sed
1407 1513 1531 1582 quid
1556 1513 1713 1568 finem
1733 1515 1751 1547 ³

177 1595 395 1639 nostrum
425 1585 578 1654 sequi
611 1583 826 1647 debeat,
858 1600 962 1638 non
993 1583 1338 1638 attendimus.
1363 1585 1437 1638 Ita
1467 1586 1607 1640 enim
1635 1601 1752 1640 am-

177 1656 346 1724 biguus
364 1665 445 1711 est
467 1656 641 1709 animi
667 1655 912 1721 all'ectus,
937 1664 998 1710 ut
1025 1656 1125 1709 nisi
1152 1671 1218 1710 ex
1249 1654 1357 1710 line
1384 1657 1561 1724 operis
1584 1657 1753 1725 quali-

179 1737 324 1782 tatem
349 1727 662 1782 intentionis
681 1727 797 1795 ejus
823 1725 1127 1782 discernere
1153 1741 1258 1781 non
1288 1727 1580 1782 valeamus.
1611 1728 1753 1783 Prae-

181 1807 310 1854 terea
335 1814 549 1854 necesse
578 1807 666 1852 est
705 1807 759 1851 ut
789 1813 881 1868 per
910 1798 1142 1866 singulos
1170 1797 1284 1852 dies
1317 1799 1478 1852 vitam
1514 1807 1750 1855 nostram

183 1871 243 1924 ad
266 1870 503 1941 judicium
534 1884 794 1923 vocemus
818 1913 833 1931 .
863 1879 916 1924 et
940 1870 1066 1939 quid
1094 1870 1297 1937 egimus
1326 1885 1419 1938 per
1459 1880 1664 1925 noctem
1695 1878 1752 1926 et

189 1941 339 2002 diem,
364 1941 717 1995 examinemus
741 1957 754 2005 ;
779 1949 833 1996 et
858 1949 1056 2010 quanto
1084 1941 1149 1995 ad
1170 1941 1307 1995 bona
1329 1941 1566 1996 facienda
1593 1941 1750 1998 solito

199 2013 478 2072 alacriores.
497 2023 550 2067 et
566 2021 764 2081 quanto
787 2012 855 2067 ad
880 2012 1015 2066 mala
1042 2012 1296 2066 vincenda
1323 2013 1479 2066 solito
1499 2024 1752 2068 constan-

208 2086 392 2146 tiores;
416 2082 532 2138 siin
554 2085 718 2154 aliquo
743 2098 908 2152 opere
934 2093 1116 2137 nostro
1145 2083 1348 2138 insidiis
1383 2084 1580 2138 inimici
1620 2100 1747 2153 sup-

209 2154 409 2223 plautati
431 2155 620 2221 simus;
649 2156 864 2224 qualiter
885 2154 1098 2208 demum
1126 2169 1222 2224 per
1249 2155 1499 2210 indicium
1528 2158 1548 2187 ²¹
1572 2165 1747 2211 trans-

209 2235 330 2280 acta:
383 2224 682 2294 deceptionis
744 2226 977 2281 futuram
1046 2226 1185 2281 illius
1244 2225 1485 2280 fraudem
1555 2242 1746 2284 cavere

209 2296 751 2367 valeamus:quatenus
798 2313 899 2352 nec
940 2297 1319 2366 superveniens
1384 2299 1605 2352 tentatio
1650 2312 1748 2352 nos

194 2367 485 2436 improvisos
517 2369 582 2422 ad
613 2369 808 2422 malum
854 2383 986 2439 Opus
1011 2367 1255 2436 dejiciat,
1288 2384 1387 2424 nec
1432 2369 1746 2425 indiscretos

191 2439 238 2492 in
273 2455 419 2507 opere
455 2440 597 2494 bono
640 2455 880 2510 praisens
927 2440 1243 2508 negligentia
1287 2439 1450 2494 fallat.
1498 2441 1746 2509 Quisquis

191 2510 370 2564 scilicet
391 2525 481 2565 cor
504 2526 663 2566 suum
692 2513 742 2564 in
775 2511 1078 2576 hnjusmodi
1106 2511 1281 2565 studio
1310 2523 1544 2575 exercet,
1567 2513 1748 2566 audiat

188 2581 297 2650 quid
321 2583 524 2651 quidam
565 2583 781 2651 sapiens
819 2583 995 2637 dicat:
1033 2601 1053 2634 ‹
1082 2581 1228 2637 Scito
1254 2592 1305 2638 te.
1329 2583 1520 2652 ipsum.
1551 2602 1570 2634 ι
1601 2581 1746 2638 Scito

189 2654 306 2707 unde
343 2654 562 2721 venisti,
596 2664 688 2708 aut
721 2670 824 2722 quo
855 2654 1043 2719 vadis;
1071 2654 1339 2724 quomodo
1369 2653 1502 2708 vivis
1523 2696 1537 2718 ,
1572 2668 1743 2722 quan-

189 2733 280 2776 tum
317 2727 522 2794 prolicis
565 2725 652 2779 vel
677 2724 894 2787 deﬁcis,
935 2740 1095 2796 quam
1133 2726 1287 2794 longe
1333 2740 1393 2780 es
1435 2741 1463 2778 a
1494 2725 1635 2790 Deo,
1663 2725 1746 2779 vel

190 2811 320 2864 quam
344 2813 524 2866 prope,
549 2812 659 2851 non
685 2795 977 2852 intervallis
999 2797 1257 2860 locorum.
1285 2796 1378 2850 sed
1401 2795 1746 2852 similitudine

191 2867 263 2921 vel
281 2868 706 2923 dissimilitudine
734 2884 962 2926 morum.
995 2867 1140 2923 Scito
1169 2867 1436 2937 quomodo
1463 2868 1622 2921 homo
1647 2882 1742 2934 es,

187 2939 312 3007 cujus
345 2939 629 3010 conceptio
672 2939 846 3009 culpa,
875 2940 1022 2994 nasci
1063 2939 1300 3003 miseria,
1336 2939 1519 3010 vivere
1556 2953 1742 3008 paena,

185 3011 297 3064 mori
323 3009 563 3067 necesse.
614 3010 830 3082 Certum
857 3010 1081 3082 estquia
1124 3011 1403 3082 morieris;
1433 3009 1528 3065 sed
1568 3010 1744 3064 incer-

188 3090 277 3134 tum
311 3082 599 3152 quomodo,
630 3081 714 3136 vel
752 3081 990 3151 quando
1012 3082 1098 3137 vel
1138 3082 1248 3136 ubi.
1290 3081 1552 3150 Quoniam
1592 3096 1745 3152 mors

188 3151 349 3222 ubique
386 3166 439 3209 te
487 3161 787 3222 exspectat,
823 3165 877 3208 et
905 3162 961 3207 tu
1004 3153 1048 3207 si
1083 3153 1298 3224 sapiens
1335 3152 1520 3224 fueris,
1551 3151 1746 3224 ubique

191 3221 292 3295 eam
310 3221 663 3295 exspectabis.
695 3225 925 3280 Attende
956 3239 1082 3294 ergo
1105 3221 1329 3280 sollicite
1358 3223 1486 3294 quid
1507 3238 1634 3292 agas
1659 3221 1745 3279 vel

190 3294 293 3366 quid
315 3294 465 3366 agere
491 3295 729 3360 debeas;
774 3296 819 3349 si
845 3295 985 3365 quod
1012 3295 1309 3351 iaciendum
1347 3304 1430 3350 est
1459 3295 1657 3361 facias;
1697 3295 1745 3350 si

185 3364 306 3421 bono
326 3364 473 3438 operi
501 3367 701 3421 malum
726 3364 939 3436 aliquod
969 3382 1075 3438 non
1102 3367 1436 3438 admisceas;
1469 3367 1522 3438 si
1543 3367 1744 3438 bonum

184 3438 306 3509 quod
338 3436 472 3508 agis,
513 3448 713 3509 quanta
759 3445 969 3509 oportet
1006 3437 1288 3492 devotione
1333 3437 1652 3506 adimpleas;
1698 3436 1745 3491 si

189 3508 407 3572 alterius,
427 3518 480 3564 ut
501 3508 674 3571 tuum,
700 3508 896 3564 bonum
917 3508 1135 3579 diligas;
1158 3509 1202 3564 si
1229 3517 1397 3569 tuum,
1422 3517 1478 3563 ut
1503 3509 1741 3574 alterius,

195 3579 378 3632 malum
401 3579 780 3648 reprehendas;
811 3581 855 3633 si
887 3582 964 3636 sic
987 3581 1224 3636 declinas
1243 3596 1275 3636 a
1302 3581 1462 3644 malo,
1497 3589 1554 3632 ut
1582 3580 1744 3635 iacias

187 3648 397 3704 bonum.
426 3651 543 3706 Sunt
577 3652 722 3706 enim
744 3651 958 3721 quidam
989 3660 1195 3706 tantum
1230 3651 1566 3706 attendentes
1606 3651 1743 3705 mala

183 3735 288 3788 qua
310 3738 418 3777 non
450 3722 645 3778 faciunt
677 3740 692 3777 :
735 3723 868 3776 istos
893 3723 1299 3792 pusillanimitas
1328 3739 1356 3775 a
1401 3722 1538 3776 bono
1580 3737 1744 3791 opere

184 3804 414 3857 revowt,
441 3810 503 3849 ne
527 3795 1028 3864 malumsubripiat.
1058 3794 1194 3849 Sunt
1222 3793 1384 3864 aliqui
1410 3792 1743 3848 attendentes

185 3873 371 3919 tantum
406 3865 536 3919 bona
564 3881 684 3934 qua:
725 3863 960 3920 faciunt:
991 3866 1064 3919 illi
1095 3867 1172 3920 sic
1207 3863 1366 3919 sibi’a
1405 3865 1545 3919 bono
1581 3879 1744 3932 opere

183 3938 488 4004 complacent
505 3946 561 3991 et
581 3936 941 3998 blandiuntur,
967 3946 1022 3990 ut
1041 3937 1108 3991 de
1131 3937 1400 4004 pravitatis
1419 3935 1744 3991 admixtione

186 4007 383 4078 minime
399 4018 712 4063 terreantur.
737 4007 870 4063 Sunt
888 4009 976 4062 alii
999 4009 1265 4078 sapientes
1284 4015 1343 4061 ut
1366 4006 1561 4061 faciant
1581 4007 1738 4075 mala,

186 4075 304 4132 bona
345 4089 514 4133 autem
561 4079 736 4133 facere
782 4081 1025 4134 nesciunt
1048 4075 1077 4132 ε’
1113 4079 1200 4133 isti
1243 4078 1456 4147 pessimi
1505 4078 1742 4132 onmium

185 4147 407 4204 laetantur
425 4167 546 4205 cum
572 4150 708 4204 male
732 4149 974 4216 fecerint,
1003 4159 1058 4205 et
1080 4149 1344 4204 exsultant
1366 4148 1416 4202 in
1440 4149 1599 4202 rebus
1625 4165 1743 4218 pes-

183 4218 334 4275 simis.
362 4223 489 4276 Sunt
513 4221 604 4275 alii
634 4230 935 4290 qumrentes
959 4223 1122 4275 Deum
1157 4237 1250 4290 per
1276 4219 1558 4285 exteriora,
1587 4219 1744 4276 desc-

187 4301 344 4346 rentes
372 4294 616 4347 interiora
644 4307 759 4358 sua,
786 4293 980 4361 quibus
1011 4292 1151 4346 Deus
1176 4292 1396 4345 interior
1424 4300 1525 4345 est.

243 4362 452 4434 CiPUT
488 4362 606 4434 LII.
646 4361 955 4434 Cognitionis
980 4372 1078 4416 tres
1105 4363 1312 4434 gradus.
1347 4361 1532 4434 Mentis
1561 4361 1746 4417 dilata-

189 4433 261 4486 tio.
292 4433 464 4489 Mentis
493 4433 786 4489 sublevatio.
816 4433 1004 4487 Mentis
1049 4433 1303 4487 alienatio.
1339 4433 1486 4487 Mens
1529 4434 1744 4490 hominis

189 4506 434 4576 speculum,
462 4507 550 4559 sed
594 4515 796 4576 peccato
844 4507 1177 4559 obscuratum.
1233 4503 1497 4568 Quomodo
1546 4516 1741 4574 tergen-

190 4575 308 4648 φιτ».
336 4576 404 4648 (a)
436 4577 738 4632 Redeamus
763 4591 890 4646 ergo
918 4577 984 4631 ad
1014 4591 1110 4631 nos
1133 4617 1147 4640 ,
1177 4585 1234 4630 ut
1264 4577 1526 4648 possimus
1551 4592 1743 4630 ascen-

189 4645 298 4701 dere
330 4645 393 4701 ad
419 4665 534 4703 nos.
565 4648 698 4702 Tres
725 4645 986 4717 siquidem
1014 4645 1275 4702 ascensus
1313 4655 1453 4717 sunt.
1485 4647 1539 4700 ln
1573 4648 1743 4716 primo

191 4718 494 4774 ascetidimus
539 4719 608 4772 ab
635 4718 750 4773 istis
795 4716 1150 4773 exterioribus
1192 4727 1247 4772 et
1291 4716 1630 4772 inferioribus
1675 4718 1743 4773 ad

192 4801 290 4840 nos.
338 4789 388 4844 In
429 4789 666 4846 secundo
717 4790 1054 4844 ascendimus
1095 4788 1170 4862 ad
1212 4804 1307 4844 cor
1333 4789 1512 4862 altum
1555 4787 1738 4862 (Psal.

193 4871 323 4921 um,
350 4862 438 4930 7):
469 4871 670 4931 quanto
699 4876 929 4929 namque
969 4861 1196 4930 amplius
1221 4859 1528 4929 proﬁcimus
1547 4859 1574 4924 ,⁷
1596 4869 1742 4915 tanto

190 4931 385 4998 amplius
408 4933 764 4988 ascendimus.
797 4933 898 4996 Qui
925 4932 1067 4986 enim
1100 4947 1204 4986 non
1229 4931 1486 4996 ascendit,
1515 4931 1741 4986 descen~

192 4998 328 5074 diue!
345 5006 426 5073 qui
450 5019 551 5058 non
580 5004 806 5074 proiicit,
827 5003 1024 5058 deﬁcit.
1051 5002 1106 5056 ln
1130 5003 1286 5074 tertio
1305 5017 1527 5074 ascensu
1557 5018 1743 5057 ascen-

193 5068 342 5126 dimus
361 5068 428 5129 ad
457 5068 642 5130 Deum.
685 5068 892 5129 Primus
921 5089 1176 5128 ascensus
1218 5073 1278 5128 ﬁt
1316 5073 1742 5130 consideratione

195 5145 380 5212 mundi,
421 5155 474 5201 et
509 5155 839 5215 contemptu.
888 5145 1286 5200 Considerando
1328 5161 1555 5214 namque
1583 5161 1740 5215 quam

199 5215 362 5270 caduca
387 5227 438 5272 et
468 5217 772 5272 transitoria
801 5217 908 5270 sint
934 5220 1032 5271 ista
1075 5227 1310 5283 terrena,
1351 5218 1741 5272 contemnimus

199 5296 272 5357 ea.
296 5297 343 5341 et
366 5287 597 5344 redimus
638 5288 706 5342 ad
733 5303 851 5342 nos.
879 5289 1156 5343 Secundus
1182 5303 1438 5343 ascensus
1467 5289 1524 5342 lit
1551 5287 1740 5357 cogni-

202 5356 318 5411 tione
347 5368 396 5414 et
420 5369 727 5430 contemptu
769 5360 957 5414 nostri.
1003 5358 1137 5414 Cum
1185 5359 1326 5414 enim
1371 5356 1740 5430 cognoscimus

198 5439 325 5501 quam
363 5432 509 5500 proni
553 5429 722 5485 simus
750 5431 818 5484 ad
862 5431 1090 5492 malum.
1137 5440 1191 5485 et
1218 5446 1376 5501 quam
1417 5430 1634 5484 invalidi
1673 5429 1740 5485 ad

201 5494 388 5569 bonum;
428 5503 858 5569 contemnimus,
906 5511 960 5556 et
1009 5494 1347 5556 ascendimus
1402 5515 1560 5568 supra
1621 5516 1736 5556 nos.

199 5563 384 5628 Tertius
408 5589 656 5631 ascensus
701 5574 761 5628 ﬁt
799 5563 1103 5645 cognitione
1143 5581 1200 5629 et
1244 5586 1426 5628 amore
1469 5563 1588 5628 Dei.
1637 5571 1742 5628 Iste

244 5724 264 5818 ³
713 5730 914 5792 ’““"’"'

247 5850 311 5913 (tl)
338 5849 414 5907 Ex’
431 5849 550 5918 itug.
574 5857 714 5919 νισι..
735 5856 803 5907 de
833 5863 950 5906 am
977 5850 1167 5917 morali,
1191 5849 1277 5904 lib.
1297 5851 1348 5916 ὅ,
1371 5863 1478 5914 cap.
1500 5850 1551 5904 6.

1242 316 1254 324 ’
1287 319 1493 378 LIBER
1529 321 1621 380 DE
1659 322 1931 384 SPIIUTU
1969 327 2058 386 ET
2096 324 2329 385 ΑΝΙΜΑ.

1878 443 2070 526 tertius
2108 459 2363 502 ascensus
2383 445 2655 526 tumentis
2681 451 3022 526 dilatatione,
3052 461 3110 514 et
3134 459 3333 516 mentis
3369 475 3465 518 su-

1873 514 2191 600 blevatio‘nc,
2223 527 2278 574 et
2301 519 2493 600 mentis
2517 519 2853 600 alienatione.
2879 514 3070 585 Meniis
3087 514 3328 586 dilatatio
3351 514 3455 600 est,

1872 601 2004 671 curo
2033 588 2131 670 sub
2157 604 2262 671 uno
2277 591 2490 671 mentis
2522 604 2738 671 aspectu
2782 597 2929 666 plura
2953 603 3339 671 conspicimus,
3363 588 3462 662 vel

1871 657 1938 739 de
1968 658 2064 739 Dei
2083 660 2344 739 sapientia
2362 662 2493 739 ,_vel
2518 657 2724 736 de'ejus
2752 657 2985 736 potentia
3005 712 3023 739 ,
3055 657 3138 728 vel
3165 657 3242 728 de,
3261 657 3460 732 cuncta

1869 727 2351 809 boriitate._ltitu_eri_
2364 727 2804 808 idebemus'quam
2826 727 3071 809 potenter
3094 727 3235 800 Deus
3262 727 3457 803 cuncta

1868 800 2069 887 creavit
2111 800 2180 856 de
2222 803 2408 887 nihilo,
2457 821 2617 876 quam
2658 800 2927 887 sapienter
2962 815 3244 882 gubernat,
3279 800 3454 887 quam

1867 870 2095 942 benigne
2120 883 2308 946 cuncta
2341 870 2633 944 dispensat.
2665 870 2859 935 Totum
2898 870 3056 938 isthm
3086 870 3348 941 mundum
3373 870 3453 946 sic

1866 953 2115 1027 ornatum
2143 944 2266 1000 fecit
2294 956 2512 1017 propter
2541 964 2786 1028 corpora,
2832 967 3059 1028 corpora
3087 966 3302 1028 propter
3324 944 3445 1014 ani-—

1865 1029 2002 1096 mas,
2030 1017 2253 1096 animas
2268 1029 2488 1089 propter
2515 1035 2592 1074 se.
2625 1017 2693 1077 Et
2720 1017 2839 1079 ideo
2867 1017 3149 1096 diligenter
3180 1017 3452 1090 custodire

1863 1084 2153 1164 debemns_
2169 1084 2387 1164 animos:
2418 1100 2627 1147 nostras
2646 1133 2662 1158 ,
2712 1084 2991 1164 quatenusv
3018 1113 3109 1152 eas
3140 1098 3364 1155 mundas
3391 1084 3449 1160 et

1863 1165 2075 1237 sanctas
2120 1158 2232 1214 Deo
2256 1159 2481 1237 reddere
2508 1158 2780 1237 valeamus
2805 1181 2837 1221 a
2863 1182 2969 1237 quo
2999 1176 3142 1224 tanta
3173 1170 3312 1224 bona
3353 1158 3447 1228 ac-

1862 1229 2101 1303 cepimus
2143 1244 2266 1303 pro;
2288 1231 2386 1286 eis.
2414 1233 2603 1288 Mentis
2636 1229 2932 1292 sublevatio
2967 1249 3068 1303 est,
3112 1255 3232 1296 cum
3259 1240 3327 1296 de
3362 1243 3471 1297 vi--

1862 1298 2106 1383 sibilibus
2145 1298 2493 1383 sublevamur
2529 1306 2597 1360 ad
2637 1306 2937 1383 invisibilia.
2966 1298 3188 1379 Quando
3217 1327 3448 1383 namque

1859 1370 2283 1449 consideramus
2310 1374 2593 1449 humanam
2626 1377 2935 1449 dignitatem
2957 1370 3337 1444 ,ﬂadmiramur
3359 1370 3448 1440 di;

1859 1442 2164 1526 gitatioiten}
2195 1444 2320 1526 Dei,
2349 1447 2435 1515 qui
2467 1456 2572 1502 tam
2604 1442 2915 1526 mirabiliter
2941 1442 3254 1509 rationalem
3287 1456 3450 1526 spiri-

1861 1520 1970 1585 tum
2007 1513 2097 1585 ad
2142 1513 2425 1585 imaginem
2485 1529 2536 1573 et
2581 1521 2980 1576 similitudinem
3028 1540 3176 1579 suam
3225 1513 3446 1583 creavit.

1857 1582 2049 1669 Men-tis
2075 1582 2324 1669 alienatio
2351 1598 2434 1643 est
2455 1632 2468 1656 ,
2501 1592 2714 1669 quando
2743 1608 3082 1669 menssnper
3119 1613 3180 1652 se
3219 1582 3444 1669 rapitur.

1857 1654 1942 1737 De.
1979 1657 2077 1737 hoc
2105 1659 2319 1737 “metuis
2349 1654 2627 1737 excessu,
2673 1662 2831 1718 homo
2855 1654 3056 1737 doceri
3100 1684 3204 1721 non
3239 1654 3443 1737 potest;

1856 1727 1978 1796 quia
2006 1727 2138 1781 nihil
2179 1729 2247 1783 ibi
2277 1729 2438 1785 habet
2466 1733 2567 1786 sui.
2599 1733 2673 1788 De
2701 1736 2895 1790 mentis
2925 1747 3102 1792 autem
3133 1727 3447 1796 dilatationé

1853 1798 2302 1878 etosu-blcvatione
2345 1803 2534 1857 instrui
2561 1814 2784 1878 potest;
2806 1807 2927 1876 quia
2959 1808 3026 1861 ibi
3059 1810 3256 1878 aliquid
3287 1811 3446 1867 habet

1853 1869 1956 1949 sui.
1998 1869 2279 1949 Instruitur
2321 1883 2514 1949 autem
2543 1869 2839 1949 aliquando
2866 1878 3095 1932 humana
3144 1869 3400 1935 industria
3425 1923 3442 1949 ,

1853 1940 2136 2008 aliquando
2165 1941 2344 2020 divina
2376 1940 2699 2020 revelatione
2747 1964 2841 2020 seu
2884 1951 3249 2020 inspiratione.
3297 1940 3446 2006 Non-'-

1854 2026 2123 2087 nu_nquam
2159 2029 2286 2074 vero
2315 2015 2368 2087 in
2397 2018 2611 2085 speculo
2639 2019 2817 2075 cordis
2843 2015 3037 2083 sui,'id
3065 2030 3166 2087 est,
3201 2023 3251 2076 in
3280 2024 3446 2077 ratio-

1851 2083 1986 2162 nali_
1996 2091 2175 2162 mente
2224 2099 2281 2139 se
2311 2083 2482 2162 ipsum
2522 2097 2576 2162 et
2608 2089 3057 2162 Deuminspicit.
3091 2083 3166 2145 lta
3215 2109 3447 2162 namque

1853 2153 2377 2233 conditunrestcor
2419 2157 2670 2225 hominis,
2705 2171 2759 2214 ut
2796 2160 2848 2214 in
2875 2153 2940 2216 eo
2969 2164 3118 2232 quasi
3147 2163 3198 2216 in
3244 2153 3445 2233 templo

1853 2224 2110 2304 Dominus
2139 2226 2570 2304 inhabitaret_,_et
2601 2239 2848 2304 tanquam
2882 2233 2933 2285 in
2961 2224 3188 2302 q'uotlam
3225 2224 3446 2304 speculo

1853 2311 1952 2372 suo
1979 2296 2245 2372 reluceret
2261 2308 2364 2372 _;_ut
2387 2301 2475 2368 qui
2502 2301 2553 2354 in
2583 2316 2640 2355 se
2665 2296 2828 2356 videri
2862 2296 3236 2372 non-poterat,
3257 2296 3320 2359 ἰιι
3347 2321 3446 2360 sua

1852 2366 2080 2445 imagine
2119 2368 2344 2423 visibilis
2379 2366 2680 2445 appareret.
2715 2373 2902 2443 Magna
2950 2366 3168 2443 prorsus
3214 2366 3444 2445 dignitas

1851 2436 2091 2517 hominis
2109 2448 2220 2504 est,
2257 2436 2468 2517 portare
2496 2443 2776 2513 imaginem
2803 2436 2918 2506 Dei,
2947 2436 3000 2498 et
3027 2447 3163 2499 illius
3194 2447 3244 2499 in
3271 2436 3333 2500 se
3357 2448 3444 2517 ju-

1849 2509 1984 2586 giter
2009 2510 2210 2564 vultum
2235 2512 2500 2586 aspicere,
2524 2509 2680 2586 atque
2708 2529 2833 2586 eum
2858 2531 3070 2585 semper
3095 2509 3444 2586 percontem-

1851 2580 2138 2649 plationem
2156 2580 2702 2656 prtesentemhabere.
2729 2585 2832 2639 Sed
2853 2580 3128 2656 tiostqitam
3147 2588 3449 2645 delectatio-

1851 2662 2232 2729 nemnostram
2256 2654 2306 2707 in
2345 2664 2540 2709 terram
2575 2654 2858 2729 peccando
2887 2654 3199 2726 sparsimus,
3240 2663 3446 2729 peccati

1851 2722 2022 2791 pulvis
2048 2724 2380 2794 superjectus
2405 2735 2486 2779 est
2506 2722 2652 2780 cordi
2681 2737 2864 2782 nostro
2890 2722 2990 2782 {et
3016 2729 3135 2784 ideo
3159 2722 3225 2784 ab
3240 2722 3340 2785 'illo
3365 2731 3443 2786 in-

1852 2803 2016 2866 terna:
2061 2796 2529 2864 contemplationis
2573 2801 2787 2866 speculo
2834 2799 2854 2831 ί
2900 2809 3210 2856 corruentes
3253 2802 3306 2856 in
3348 2803 3445 2860 has

1850 2865 2396 2938 miseras‘prmsentis
2438 2868 2559 2923 vitae
2603 2865 2854 2925 tenebras
2907 2872 3152 2938 labimur,
3195 2874 3284 2929 ubi
3335 2874 3446 2930 Dec

1850 2935 2009 3012 digne
2035 2936 2341 3012 ministrare
2357 2954 2490 3012 _non_
2506 2940 2764 3012 valemus,
2795 2942 2918 3010 quia
2940 2943 3096 2997 sorde
3125 2935 3440 3012 iniquitatis,

1849 3007 2075 3083 caligine
2093 3008 2417 3083 ignorantiae
2445 3009 2696 3076 obvoluti,
2721 3007 2847 3082 quid
2874 3014 3137 3083 agendum
3163 3007 3248 3069 vel
3274 3007 3444 3070 vitant;

1849 3077 1979 3152 dum
2022 3077 2174 3133 nobis
2219 3081 2315 3146 sit,
2363 3096 2428 3134 ex
2463 3097 2653 3151 magna
2697 3077 2847 3152 parte
2884 3077 2994 3152 jam
3034 3100 3138 3138 non
3177 3086 3440 3142 videmus.

1849 3148 2142 3221 Tergamus
2170 3165 2298 3220 ergo
2324 3148 2600 3221 speculum
2643 3148 2899 3208 nostrum'
2922 3156 2990 3209 ab
3017 3170 3200 3210 amore
3236 3159 3445 3212 vanita-

1849 3218 1937 3284 tis,
1959 3218 2021 3295 et
2063 3219 2131 3274 ab
2164 3218 2693 3295 amore'iniquitatis,
2744 3224 2796 3278 id
2837 3233 2946 3291 est,
2998 3241 3030 3279 a
3075 3226 3292 3295 pulvere
3329 3237 3380 3283 et
3409 3242 3445 3284 a

1849 3289 2009 3346 sorde
2032 3308 2046 3346 :
2080 3300 2137 3345 ut
2166 3292 2221 3346 in
2249 3307 2314 3347 eo
2339 3289 2601 3364 inspicere
2625 3295 2900 3350 valeamus
2924 3289 2978 3350 et
3001 3289 3118 3362 nos,
3147 3308 3202 3352 et
3226 3298 3444 3353 Creato—

1847 3376 1963 3417 rem
1987 3371 2265 3438 _nostrum,
2294 3380 2465 3438 quem
2493 3366 2759 3438 peccando
2802 3377 2922 3438 post
2951 3375 3157 3438 tergum
3198 3378 3443 3426 nostrum

1847 3433 2144 3503 posuimus.
2189 3436 2380 3490 Aversi
2425 3433 2915 3510 siquidemiarDco
2958 3433 3176 3507 sumus;
3221 3449 3444 3510 peccata

1848 3514 2034 3560 nostra
2067 3515 2316 3580 separant
2349 3521 2446 3562 nos
2469 3508 2538 3564 ab
2562 3523 2648 3580 eo.
2681 3509 2747 3562 Et
2775 3508 2895 3563 ideo
2921 3525 3041 3563 cum
3069 3508 3326 3580 propheta
3356 3512 3441 3567 di-

1847 3589 2070 3631 camus:
2104 3576 2534 3650 itionuerternos,
2581 3577 2720 3633 Deus
2765 3581 3005 3635 salutaris
3050 3576 3218 3636 noster
3266 3581 3439 3650 (Psal.

1849 3662 2074 3723 txxstv,
2099 3648 2178 3719 5).
2203 3649 2260 3703 Si
2286 3649 2538 3723 mulieres
2563 3651 2838 3723 speculum
2864 3667 3040 3716 suum,
3074 3653 3127 3706 in
3151 3669 3256 3723 quo
3274 3648 3444 3710 iacies

1849 3718 2166 3793 inspiciunt,
2209 3735 2329 3775 cum
2378 3718 2687 3787 amiserint,
2738 3723 3021 3792 diligenter
3065 3718 3337 3793 quaerunt,
3387 3732 3444 3780 et

1848 3790 2060 3866 curiose
2088 3799 2357 3866 ter_gunt_a
2388 3793 2615 3866 pulvere
2636 3801 2690 3866 et
2717 3790 2934 3866 a_soi-tle
2964 3811 2977 3848 :
3009 3790 3179 3850 multo
3214 3797 3443 3866 amplius

1848 3862 2123 3929 speculum
2162 3862 2430 3918 interioris
2477 3864 2707 3918 hominis
2742 3863 3000 3919 debemus
3038 3874 3092 3919 et
3121 3862 3360 3922 invenire
3386 3874 3445 3924 et

1849 3939 2056 4000 tergere
2080 3942 2133 4006 et
2164 3933 2427 4006 inspicere
2452 3951 2465 3998 ;
2494 3944 2552 3989 ut
2575 3936 2626 3990 in
2653 3950 2718 3989 eo
2749 3944 2913 4006 totam
2946 3937 3321 4006 turpitudinem
3347 3953 3445 3993 no-

1848 4012 2013 4057 stram
2046 4005 2315 4080 valeamus
2346 4005 2767 4080 deprehendere,
2793 4003 2938 4080 et'ita
2966 4003 3060 4076 per
3084 4011 3443 4080 cognitionem

1849 4085 2083 4128 nostram
2116 4075 2180 4128 ad
2206 4076 2562 4145 cognitionem
2593 4077 2682 4130 Dei
2715 4075 3012 4144 pervenire.

1918 4145 2141 4199 CAPUT
2162 4145 2293 4198 Llll.
2320 4146 2398 4198 Ad
2425 4147 2652 4199 notitiam
2674 4149 2752 4200 sui
2797 4148 2898 4201 duo
2951 4150 3248 4204 necessaria.
3271 4150 3443 4208 Homo

1849 4213 2012 4284 pulvis
2043 4227 2085 4268 ct
2117 4216 2260 4268 cinis.
2296 4215 2486 4269 Gratim
2518 4217 2612 4270 Dei
2628 4226 2817 4283 quanta
2857 4218 3142 4274 debeamus.
3168 4219 3295 4276 Haec
3309 4223 3446 4276 noti-

1849 4285 1918 4338 tia
1955 4286 2492 4362 parit_/mmilitatem,
2529 4288 2856 4356 charitatem,
2886 4298 2989 4343 etc.
3026 4291 3109 4362 (α)
3141 4292 3253 4362 Duo
3289 4294 3442 4347 nobis

1847 4356 2146 4432 necessaria
2183 4367 2398 4432 suntut
2437 4372 2534 4412 nos
2568 4373 2982 4432 cognoscamus,
3029 4356 3274 4432 videlicet
3311 4378 3442 4432 qua-

1849 4427 1926 4482 les
1951 4427 2118 4480 simus
2139 4427 2204 4480 ad
2229 4428 2444 4492 malum,
2467 4438 2522 4483 et
2541 4431 2722 4498 quales
2743 4430 2808 4482 ad
2835 4431 3054 4484 bonum.
3079 4431 3236 4485 Proni
3258 4427 3442 4490 sumus

1849 4498 1915 4551 ad
1943 4498 2162 4563 malum,
2193 4508 2245 4552 et
2272 4502 2318 4552 si
2348 4499 2710 4553 misericordia
2743 4501 2832 4554 Dei
2866 4518 2970 4554 non
3005 4512 3209 4556 teneret
3238 4518 3354 4569 nos,
3385 4505 3434 4559 in

1849 4569 2217 4642 omnevitium
2247 4584 2525 4642 possemus
2550 4569 2762 4637 cadere,
2791 4587 2891 4627 nec
2914 4572 3037 4626 inde
3063 4589 3302 4642 surgere,
3337 4574 3437 4630 nis:

1849 4639 2214 4716 misericordia
2245 4641 2337 4695 Dei
2375 4642 2811 4716 subsequeretur,
2843 4660 3084 4716 qnmiios
3115 4639 3440 4716 sublevaret.
3473 4712 3476 4716 ,

1849 4712 1963 4765 Hoc
1986 4710 2123 4765 bene
2148 4713 2502 4779 cognoscebat
2527 4710 2779 4782 propheta
2801 4710 2922 4768 cum
2944 4714 3183 4779 diccbat;
3204 4715 3437 4782 Domine,

1849 4783 2192 4859 misericordia
2218 4793 2306 4836 tua
2329 4793 2444 4859 ante
2468 4784 2648 4859 oculos
2667 4801 2800 4838 meos
2833 4784 3014 4858 (Psal.
3043 4803 3170 4852 xxv,
3200 4786 3440 4859 3),_quaa
3466 4785 3479 4830 ‘-

1847 4869 1934 4908 me
1954 4854 2236 4930 custodiat;
2255 4863 2328 4922 et,
2347 4854 2700 4930 Misericordia
2722 4854 3157 4930 tuasubsequatur
3168 4854 3436 4930 me'(Psal.
3467 4869 3474 4874 '

1848 4941 1958 4979 χχιι
1979 4924 2262 4997 ,βλέψω
2291 4941 2376 4997 me
2403 4925 2587 4994 erigat.
2621 4926 2839 4981 lnvalidi
2877 4924 3060 4982 sumus
3096 4929 3160 4982 ad
3203 4924 3398 4983 bonum
3419 4972 3436 4997 ,

1848 5011 1950 5051 nec
1974 4996 2087 5050 sine
2119 4996 2213 5050 Dei
2247 4996 2414 5066 gratia
2446 4997 2640 5070 bonum
2670 4998 2866 5070 iacere,
2899 4999 2984 5054 vel
3015 4999 3064 5054 in
3095 5000 3272 5070 aliquo
3297 4996 3438 5056 bono

1849 5083 2194 5139 perseverare
2219 5083 2520 5139 possumus.
2550 5067 2692 5122 lstud
2716 5069 2876 5123 etiam
2904 5067 3201 5139 Apostolus
3215 5072 3436 5139 sciebat,

1846 5154 1966 5212 cum
1984 5138 2216 5212 dicebat,
2246 5137 2422 5192 Gratia
2448 5137 2544 5192 Dei
2565 5140 2912 5212 suinidquod
2930 5137 3042 5194 sum
3063 5159 3080 5212 ς
3103 5150 3156 5194 et
3181 5143 3301 5210 quia
3322 5137 3439 5212 91·αέ-

1849 5211 1918 5264 tia
1943 5210 2051 5281 ejus
2076 5209 2125 5262 in
2148 5226 2224 5263 me
2250 5227 2407 5282 vacua
2434 5227 2534 5264 non
2558 5211 2651 5282 fuit
2675 5211 2718 5282 (Ι
2740 5210 2857 5266 Cor.
2884 5228 2975 5276 xv,
3003 5211 3110 5281 10),
3135 5209 3297 5282 gratia
3321 5209 3439 5280 ejus

1848 5283 1901 5336 in
1932 5296 2017 5352 me
2048 5289 2244 5334 manet.
2275 5281 2423 5335 lianc
2459 5281 2723 5352 geminam
2751 5284 3108 5352 cognitionem
3138 5283 3218 5335 sui
3253 5281 3438 5337 habuit

1846 5351 2114 5407 Abraham
2152 5365 2271 5423 cum
2307 5352 2508 5407 diceret
2536 5351 2784 5423 {Loquar
2821 5351 2889 5406 ad
2925 5351 3203 5406 Dominum
3235 5370 3434 5420 meum,

1847 5441 1962 5477 cum
1985 5423 2080 5478 sim
2111 5421 2272 5495 pulvis
2296 5433 2343 5477 et
2372 5423 2496 5477 ciuis
2527 5421 2676 5494 (Gen.
2706 5439 2860 5490 xvut,
2888 5423 3001 5495 27).
3036 5424 3236 5479 Revera
3266 5424 3437 5495 pulvis

1848 5504 1929 5550 est
1949 5495 2128 5548 homo.
2153 5494 2304 5548 Sicut
2323 5495 2462 5548 enim
2490 5495 2660 5564 pulvis
2681 5509 2745 5549 ex
2769 5511 3099 5564 quacmnque
3122 5502 3270 5563 parte
3291 5494 3436 5550 venti

1848 5565 2152 5638 impellitur,
2177 5573 2230 5620 et
2252 5565 2306 5620 in
2327 5565 2482 5620 aliam
2506 5580 2686 5621 aream
2706 5565 2969 5636 dejicitur,
2994 5573 3047 5620 et
3069 5565 3139 5619 ibi
3161 5573 3434 5620 remanet:

1910 5727 1929 5758 ι
1963 5721 2095 5785 Apud
2117 5729 2384 5784 nugonem,
2419 5719 2508 5785 illa
2526 5757 2579 5785 .._.
2595 5722 2808 5785 specula.

1848 5783 2132 5900 ωωέῖζίάθ
2165 5783 2282 5846 M13-
2315 5783 2529 5840 Conlcss.
2551 5783 2638 5838 lib.
2657 5789 2721 5850 2,
2745 5802 2851 5855 cap.
2875 5791 2924 5854 7;
2949 5789 3062 5842 vide
3101 5796 3154 5842 ct
3195 5785 3408 5839 Manuale

1908 5865 1956 5913 p.
2017 5866 2060 5899 3.
