3860 6366
1879 307 2241 370 APPENDIX.
3598 302 3702 360 832

2121 425 2265 480 mino
2283 435 2381 478 suo
2411 420 2622 495 (Mau_h_.
2652 433 2781 495 xxv,
2812 418 2874 474 2|
2886 416 2926 487 ).
2969 415 3114 495 S_e_iat
3139 430 3267 495 ergo
3292 428 3486 495 servus
3503 414 3700 495 Christi

2121 511 2213 550 vas
2241 509 2395 550 suum
2418 485 2708 563 possidere
2747 492 2815 563 in
2847 485 3262 563 sanctificatier
3297 496 3355 541 et
3396 485 3608 563 honore
3643 491 3702 558 (Ι

433 331 533 389 851

433 460 572 509 mus,
599 441 713 497 sine
741 436 1044 509 fatigatione
1069 430 1418 509 laudabimus.
1449 429 1556 509 Sed
1581 436 1637 485 et
1659 426 1725 484 ad
1755 426 1870 482 haec
1894 426 2015 496 quis

434 502 696 571 idoneus?
717 502 1020 566 Sine'dubio
1041 505 1128 576 qui
1151 503 1322 559 fidelis
1349 502 1648 576 invenietur
1668 513 1827 569 super
1847 511 2016 567 pauca
2121 511 2213 576 vas
2241 509 2395 550 suum
2436 502 2708 576 possidere
2747 502 2820 576 inn
2847 502 3365 576 sanctiuca‘uon‘eiet‘
3398 502 3413 576 ξ

432 559 1017 656 EJEaE'céﬁiiiui’iiiiu
1047 559 1159 632 suae
1185 586 1456 656 tempore;
1489 572 1540 626 id
1565 579 1674 636 est,
1704 559 1865 642 super
1887 582 2014 622 sen-
2124 565 2299 656 Thess.
2319 579 2417 656 liv,
2435 559 2543 656 ll;
2574 560 2990 656 eligi-(31192:?
3008 568 3197 656 portet
3207 559 3454 656 begin?
3462 571 3706 656 corpore

580 627 1510 723 EBBIai-‘iiéiu'é'JEisiijﬁei'iﬁpeiiius
1537 627 1702 723 suos,
1734 627 2015 723 quos_sus-
2122 652 2217 723 suo
2244 636 2288 707 (ι
2319 627 2437 691 Cor.
2469 627 2553 700 v'i,
2580 627 2720 705 20)":
2753 640 2983 688 sectetur
3010 627 3200 704 pacem
3233 627 3420 702 (Hebr.
3462 643 3565 697 xu,
3594 628 3702 701 14).

433 709 574 796 cepit
611 709 895 794 regendos,
918 709 977 777 ut
1006 721 1059 776 in
1081 709 1164 774 his
1184 709 1440 789 probetur
1458 729 1615 786 quam
1634 709 1802 767 fidelis
1822 710 1891 766 sit
1910 709 2014 764 Do-
2122 709 2320 765 Amen.

434 830 3692 875 _________________________________._____._.____———.—

1746 930 2410 1020 ADMONITIO

1253 1107 1338 1170 IN
1380 1099 2003 1179 SUBSEQUENTEM
2042 1093 2346 1158 LIBRUM
2385 1092 2492 1154 DE
2521 1089 2912 1154 AMICITIA.

510 1387 834 1458 Opusculum
861 1391 943 1440 est
968 1371 1181 1438 Aelrédi
1205 1375 1600 1434 Rhievallensis
1628 1373 1685 1428 in
1729 1368 1920 1440 Anglia
1959 1365 2194 1430 Abbatis,
2228 1362 2423 1432 dialogi
2473 1360 2640 1415 forma
2669 1357 3059 1458 conscriptum,
3107 1362 3164 1410 et
3205 1361 3316 1410 tres
3352 1353 3612 1458 iii-libros
3639 1354 3695 1458 ali

434 1447 874 1554 ipso-digestum;
915 1476 1057 1549 quod
1086 1475 1302 1546 quidem
1331 1473 1472 1526 inter
1505 1469 1606 1524 alia
1653 1467 1768 1536 ejus
1793 1477 1955 1536 opera
1986 1460 2134 1531 prelo
2158 1458 2298 1514 edita
2337 1458 2604 1511 sincerum
2625 1452 2913 1554 exhibetur
2951 1459 3006 1554 et
3042 1450 3343 1554 integrum,
3389 1447 3484 1503 hic
3511 1463 3632 1552 vero
3658 1449 3702 1554 in

433 1543 703 1644 epitomen
729 1543 1056 1628 contractum
1089 1543 1172 1623 est
1196 1567 1264 1624 ab
1312 1565 1527 1620 homine
1567 1561 1739 1616 otioso
1760 1602 1774 1626 ,
1815 1558 1904 1628 qui
1934 1569 2040 1610 non
2082 1552 2238 1606 modo
2285 1551 2464 1605 stilum
2497 1548 2731 1602 auctoris
2759 1561 2821 1600 ac
2849 1543 3158 1644 metito-dum
3191 1558 3296 1596 non
3321 1543 3594 1644 servavit,
3621 1543 3703 1644 sed

433 1633 552 1737 ejus
577 1682 789 1738 quoque
820 1663 1111 1720 sententias
1148 1659 1372 1715 mutavit
1397 1655 1592 1727 passim
1619 1661 1673 1708 et
1697 1650 1975 1721 insigniter
1999 1645 2223 1738 vitiavit.
2252 1642 2476 1738 Nam-ea
2501 1639 2767 1738 interdum
2797 1653 2916 1738 qua:
2946 1633 3207 1738 Aelredus
3232 1649 3300 1738 ex.
3323 1633 3708 1738 interlocutoris

434 1725 666 1831 persona
692 1725 979 1828 quaerendo
1008 1751 1290 1824 proponit,
1321 1725 1445 1802 mox
1486 1762 1516 1800 a
1563 1759 1622 1800 se
1650 1743 1736 1797 vel
1779 1737 2089 1811 explicanda
2137 1735 2222 1791 vel
2264 1731 2587 1831 refellenda;
2638 1728 2985 1831 proferuntur
3152 1725 3416 1829 absolute,
3449 1735 3710 1831 etncontra

433 1818 600 1924 ipsius
625 1818 858 1906 mentem
888 1818 1226 1902 asseruntur.
1257 1841 1345 1897 Sic
1368 1883 1381 1906 ,
1416 1837 1647 1908 exempli
1676 1850 1834 1891 causa
1860 1874 1876 1899 ,
1921 1833 1971 1885 in
2001 1830 2103 1884 fine
2129 1827 2318 1898 capitis
2346 1824 2544 1896 primi,
2586 1821 2729 1893 quod
2759 1822 2917 1924 citata
2942 1819 3392 1924 Tulliisententia
3407 1818 3704 1897 subjicitur,

447 1910 471 1997 ί
501 1943 632 2010 Quis
663 1942 783 1996 huic
807 1939 994 2012 gentili
1024 1937 1214 1991 fortem
1240 1932 1518 1989 charitatis
1552 1929 1798 1984 affectum
1840 1921 2328 2016 benevolentiaeque
2350 1931 2571 2016 operum
2597 1913 2902 2016 expressit?
2925 1932 2954 2016 ,ι
2986 1911 3133 2016 apud.
3154 1910 3439 2016 Aelredum
3465 1925 3534 1965 eo

437 2002 666 2108 positum
693 2002 882 2100 θεὴ-ιιι
910 2029 1260 2086 interlocutor
1285 2026 1448 2088 dicat,
1496 2041 1514 2074 ι
1546 2018 1830 2077 Cbaritatis
1856 2017 1940 2072 vel
1969 2011 2358 2070 benevolentia!
2392 2009 2608 2108 nomine
2636 2006 2762 2108 quid
2793 2005 3172 2108 ethnicus-ille
3200 2002 3510 2108 significare
3539 2003 3710 2108 voluit,

440 2097 462 2183 λ
497 2143 603 2183 non
640 2097 830 2192 video;
866 2142 885 2176 ι
919 2131 1029 2177 tum
1069 2117 1332 2175 Aelredus
1370 2117 1485 2187 ipse
1519 2111 1875 2182 respondeat,
1925 2127 1944 2160 ι
1979 2108 2138 2163 Forte
2169 2105 2382 2159 nomine
2411 2101 2722 2167 cliaritatis,
2771 2099 2964 2154 mentis
3002 2097 3296 2192 affectum;
3339 2097 3716 2192 benevolentiae

440 2241 460 2276 ι
496 2236 646 2286 vero,
679 2189 856 2290 operis
883 2215 1146 2286 expressit
1171 2213 1439 2268 effectum.
1477 2227 1496 2262 ›
1533 2207 1602 2262 Ει
1622 2207 1673 2260 in
1699 2205 1873 2274 capite
1897 2208 2086 2272 quarto
2115 2197 2264 2264 illud,
2302 2215 2320 2250 ι
2348 2196 2450 2290 Sed
2474 2195 2625 2250 multi
2649 2193 2939 2290 abutuntur
2959 2191 3239 2290 sapientia,
3272 2189 3468 2290 adeo
3501 2191 3714 2290 alienum

434 2325 517 2374 cst
539 2317 607 2372 ab
627 2282 842 2370 Aelredi
873 2282 1138 2378 doctrina,
1171 2317 1228 2363 ut
1254 2309 1368 2376 ipse
1399 2310 1606 2366 contra,
1655 2299 1858 2354 nullum
1899 2293 2160 2365 sapientia
2202 2290 2380 2357 abuti,
2423 2289 2623 2344 diserte
2651 2302 2713 2342 ac
2739 2286 2994 2358 praeclare
3037 2284 3244 2378 probet.
3277 2282 3478 2338 Melius
3501 2283 3712 2339 Aelredo

435 2425 565 2467 usus
593 2415 677 2464 est
701 2407 868 2477 ipsius
897 2418 1063 2474 prope
1095 2375 1313 2471 requalis
1339 2397 1528 2452 Petrus
1555 2391 1844 2455 Blesensis,
1877 2388 1932 2443 in
1958 2402 2058 2442 suo
2087 2385 2154 2442 de
2185 2383 2431 2439 Amicitia
2457 2381 2746 2437 christiana
2776 2389 3023 2477 tractatu,
3053 2378 3144 2477 qui
3168 2375 3506 2477 Cassiodoro
3529 2378 3707 2477 adscri-

437 2514 558 2576 ptus
584 2472 869 2572 aliquando
889 2472 1014 2554 fuit.—
1037 2497 1094 2552 ln
1125 2497 1267 2551 hunc
1290 2494 1378 2548 ille
1405 2497 1689 2546 tractatum
1717 2483 1988 2540 transtulit
2015 2497 2082 2537 ex
2110 2479 2323 2536 Aelredi
2351 2477 2499 2533 libris
2525 2492 2632 2532 non
2658 2490 2847 2576 pauca,
2875 2474 3037 2576 tacito
3058 2473 3272 2576 quidem
3297 2472 3476 2576 ipsius
3497 2472 3710 2576 nomine,

437 2566 534 2654 sed
562 2566 740 2651 tamen
771 2593 1036 2650 luculenta
1078 2591 1132 2646 in
1159 2589 1386 2657 Prologo
1420 2580 1784 2639 admonitione
1821 2576 2101 2632 consilium
2133 2573 2437 2642 factumque
2476 2585 2631 2625 suum
2661 2568 2930 2640 professus
2954 2567 3038 2623 his
3065 2566 3282 2622 verbis:
3316 2585 3338 2619 ι
3375 2567 3457 2622 De
3489 2567 3709 2632 diversis,

445 2710 464 2744 ι
499 2691 686 2762 inquit,
715 2686 1064 2758 scriptoribus
1090 2681 1241 2754 quasi
1277 2681 1435 2735 flores
1462 2676 1756 2745 excipiens,
1784 2681 1843 2727 ut
1868 2668 2231 2725 mellificarem
2259 2665 2392 2720 mihi
2410 2705 2426 2730 ,
2463 2665 2697 2736 plurium
2727 2673 2831 2719 tam
2855 2673 3115 2728 veterum,
3152 2677 3310 2733 quam
3343 2661 3710 2762 modernorum

447 2803 465 2836 ι
500 2756 791 2840 sententias
812 2756 882 2836 de
911 2777 1144 2833 amicitia
1169 2783 1222 2831 et
1250 2772 1538 2830 dilectione
1567 2768 1661 2824 Dei
1683 2781 1746 2822 ac
1777 2764 2005 2836 proximi
2035 2763 2090 2817 in
2114 2777 2278 2816 unum
2305 2757 2699 2830 compendiosa:
2733 2757 2976 2814 lectionis
3005 2757 3340 2812 involucrum
3371 2756 3658 2811 coarctavi.
3691 2775 3706 2807 ι

440 2876 623 2947 Neque
649 2875 859 2932 silentio
889 2869 1317 2945 praetereundum
1347 2875 1464 2933 est,
1493 2866 1669 2920 locum
1713 2877 1745 2917 a
1780 2860 1942 2916 Petro
1983 2856 2222 2913 Blesensi
2258 2853 2472 2947 laudato
2500 2851 2813 2906 nominatim
2844 2851 3140 2947 Augustino
3176 2851 3400 2947 citatum
3440 2850 3498 2905 in
3528 2865 3640 2921 cap.
3664 2850 3708 2947 8,

443 2941 555 3026 non
575 2941 952 3039 subsequentis
979 2965 1100 3021 libri
1127 2963 1196 3020 de
1237 2959 1483 3018 Amicitia
1503 3001 1519 3026 ,
1549 2957 1624 3011 uti
1651 2954 1721 3010 ad
1746 2967 1894 3009 oram
1921 2951 2042 3007 libri
2073 2949 2126 3005 in
2156 2947 2301 3004 Petri
2339 2946 2608 3002 Blesensis
2636 2952 2908 3039 postrema
2938 2944 3172 3039 editione
3196 2945 3338 3039 male
3365 2953 3605 3039 notatur,
3632 2941 3714 3000 sed

444 3079 566 3120 esse
599 3062 720 3118 libri
757 3036 935 3134 quarti
958 3058 1386 3121 Confessionum,
1414 3068 1533 3124 cap.
1565 3050 1620 3105 8.
1645 3047 1982 3104 Contulimus
2007 3041 2213 3113 singula
2247 3039 2409 3097 verba
2446 3053 2569 3095 cum
2596 3037 2844 3110 genuinis
2869 3051 2934 3093 ac
2969 3037 3193 3094 sinceris
3223 3036 3446 3093 Aelredi
3475 3037 3642 3106 libris,
3666 3045 3712 3092 et

446 3157 532 3211 ubi
561 3155 759 3228 aliquid
787 3163 1047 3211 mutatum
1073 3160 1164 3208 aut
1184 3151 1553 3221 depravatum,
1576 3149 1834 3198 annotare
1861 3137 2170 3209 sategimus.

1525 3369 1772 3498 DE
1822 3358 2646 3492 AMICITIA

1609 3567 2086 3682 LIBER
2144 3569 2347 3677 ΠΝ
2360 3569 2570 3677 US.

1865 3734 2339 3810 iame

519 3881 742 3942 CAPUT
794 3875 1074 3951 PRIMUM.
1129 3874 1271 3951 Libri
1326 3873 1478 3951 (mitts
1520 3869 1766 3951 scribendi
1815 3868 2035 3924 occasio.

448 3957 580 4013 Cum
611 3967 784 4008 essem
809 3950 984 4004 adhuc
1013 3962 1140 4017 puer
1180 3947 1233 4000 in
1268 3944 1493 4017 scholis,
1523 3951 1579 3996 ct
1607 3944 1873 4017 sociorum
1899 3955 2040 3994 meo—

450 4012 569 4084 rum
613 4040 698 4079 me
740 4022 910 4092 gratia
939 4012 1224 4092 plurimum
1263 4015 1574 4092 delectaret,
1615 4012 1754 4092 inter
1777 4025 1956 4065 mores
1986 4020 2041 4066 et

451 4100 577 4154 vitia
602 4085 792 4166 quibus
837 4085 1086 4166 illa'aetas
1115 4087 1402 4166 periclitari
1441 4085 1604 4165 solet,
1635 4091 1744 4166 tota
1789 4097 1850 4166 se
1888 4097 2041 4166 mens

452 4152 572 4225 mea
620 4152 768 4220 dedit
806 4161 1038 4221 affectui,
1089 4152 1143 4214 et
1183 4158 1397 4214 devovit
1438 4154 1608 4209 amori
1638 4170 1651 4205 :
1678 4154 1749 4225 ita
1797 4165 1855 4208 ut
1907 4152 2042 4207 nihil

446 3265 3708 3305 Μ

2144 3871 2294 3939 mihi,
2318 3870 2548 3926 Tullium
2575 3885 2716 3926 verae
2740 3870 2986 3926 amicitia:
3012 3870 3286 3941 ignorasse
3309 3871 3579 3938 virtutem,
3601 3886 3709 3928 cum

2143 3943 2259 4010 ejus
2288 3943 2608 4013 principium
2650 3943 2920 4014 finemque
2960 3941 3229 3998 Christum
3270 3944 3479 4013 penitus
3516 3945 3711 4014 ignora-

2143 4014 2322 4068 verit:
2356 4015 2445 4084 qui
2488 4023 2571 4068 est
2614 4013 2788 4085 alpha
2810 4022 3107 4085 etiomega,
3160 4014 3477 4085 principium
3513 4013 3568 4070 et
3608 4017 3716 4070 ﬁnis

2147 4083 2388 4140 omnium
2429 4083 2714 4140 bonorum.
2759 4083 2897 4151 Quid
2934 4092 3018 4139 est
3057 4083 3570 4142 amicitiaiTullius
3607 4087 3709 4140 ait:

2144 4157 2378 4211 Amicitia
2408 4166 2480 4210 est
2508 4173 2674 4210 rerum
2700 4157 3034 4209 humanarum
3063 4165 3108 4208 et
3133 4156 3416 4212 divinarum
3445 4175 3557 4210 cum
3585 4159 3715 4210 benc-

453 4224 583 4296 mihi
631 4236 858 4301 dulcius,
911 4231 1044 4287 nihil
1087 4228 1394 4300 jucundius,
1445 4225 1579 4301 nihil
1627 4224 1828 4301 utilius,
1879 4239 2042 4294 quam

453 4309 622 4367 amari
643 4319 697 4364 et
721 4296 902 4361 amare
931 4296 1218 4357 videretur.
1251 4301 1432 4369 Itaque
1454 4298 1592 4351 inter
1617 4296 1858 4369 diversos
1887 4309 2041 4369 amo-

455 4399 542 4438 rrs
587 4390 642 4435 et
689 4376 948 4431 amicitias
992 4371 1283 4447 ﬂuctuans,
1316 4367 1632 4447 rapiebatur
1677 4367 1890 4420 animus
1937 4367 2044 4447 huc

455 4464 614 4523 atque
661 4451 816 4523 illuc:
864 4456 919 4523 et
960 4442 1574 4523 vereamicilie'esﬁm
1619 4438 2042 4523 i%“°.ta"8:.?i‘!s

455 4506 598 4595 saepe
633 4506 983 4595 similitudine
1019 4506 1587 4595 fallebatur..'l‘al'i_:dein
1620 4506 1780 4595 venit
1814 4506 1946 4595 mihi
1986 4507 2043 4595 in

456 4580 645 4649 manus
684 4593 816 4646 liber
858 4602 1015 4660 quem
1045 4585 1112 4640 de
1146 4583 1392 4660 Amicitia
1437 4581 1639 4660 Tullius
1677 4580 1910 4660 scripsit,
1953 4580 2044 4660 qui

458 4666 635 4719 statim
668 4661 797 4716 mihi
841 4651 892 4714 ei
931 4657 1311 4711 sententiarum
1341 4654 1613 4724 gravitate,
1645 4651 1808 4724 utilis,
1839 4657 1894 4704 et
1932 4651 2044 4724 elo:

459 4718 690 4804 quentia:
711 4730 995 4804 suavitate
1021 4727 1190 4780 dulcis
1216 4718 1523 4804 apparebat:
1547 4723 1641 4804 ‘Et
1681 4722 1802 4776 licet
1843 4735 1942 4804 nec
1970 4718 2043 4804 _ad

461 4789 588 4859 illud
619 4801 864 4858 amicitia:
903 4813 1071 4870 genus
1112 4811 1198 4851 inc
1223 4789 1468 4870 videbam
1511 4792 1782 4870 idoneum,
1811 4789 2044 4862 gratula-

460 4876 558 4931 bar
599 4884 773 4930 tamen
818 4864 1114 4941 quamdam,
1143 4865 1516 4941 meamicitiga
1557 4864 1841 4941 formulam
1875 4876 2045 4941 _repe-

463 4948 616 5010 risse,
658 4942 724 4998 ad
754 4934 912 5012 quam
957 4940 1120 5012 animi
1156 4938 1293 4993 mei1
1331 4945 1386 4992 et
1427 4935 1768 5012 a‘ffectionum
1808 4934 2045 5012 valerem

461 5004 718 5072 revocare
744 5004 1038 5068 discursus.
1077 5009 1210 5065 Cum
1249 5022 1375 5063 vero
1413 5008 1609 5077 placuit
1647 5006 1788 5061 bono
1819 5004 2045 5059 Domino

461 5104 583 5142 meo
611 5085 880 5155 corrigere
913 5083 1146 5158 devium,
1190 5080 1379 5158 elisum
1407 5079 1633 5146 erigere,
1677 5077 1873 5158 salubri
1916 5090 2046 5130 eon-

465 5169 607 5214 tactu
645 5148 902 5212 niuu'dare
937 5155 1222 5228 leprosum,
1253 5151 1438 5228 relicta
1476 5164 1578 5228 spe
1605 5148 1806 5228 saeculi,
1835 5148 2043 5228 ingres-

461 5245 552 5286 sus
582 5245 700 5285 sum
726 5217 1106 5283 monasterium
1133 5241 1144 5274 :
1178 5231 1232 5278 et
1267 5223 1448 5276 statim
1475 5217 1904 5290 legendissacris
1929 5217 2044 5271 Lit-

464 5304 592 5357 teris
643 5314 860 5372 Operam
913 5296 1031 5352 dedi
1053 5336 1085 5372 ,_
1121 5293 1207 5372 ubi
1249 5289 1560 5372 melliilpum
1609 5289 1820 5372 Christi
1850 5303 2044 5372 nomen

464 5389 642 5429 meum
680 5357 785 5427 'sibi
827 5376 994 5423 totum
1035 5357 1327 5420 vindicavit
1366 5361 1612 5418 atl‘ectum
1639 5357 1718 5433 (ᾳ)
1747 5359 1858 5433 :i_ta
1902 5358 2044 5430 quod

467 5445 598 5502 nihil
625 5442 767 5498 aliud
798 5447 973 5507 potest
1001 5438 1129 5492 mihi
1158 5436 1398 5507 sapidum
1425 5429 1659 5507 essevel
1682 5429 1934 5507 lucidum;

533 5512 761 5573 CAPUT
799 5501 868 5568 ll.
919 5509 1062 5566 Inter
1099 5501 1234 5580 quos
1262 5507 1328 5562 sit
1369 5504 1595 5561 anticitia
1638 5518 1774 5558 vera.
1826 5501 2046 5557 Constat

529 5696 549 5760 9
582 5693 716 5760 Αριιά
737 5692 1014 5753 Λειτθάιιων
1035 5699 1256 5760 ωπρηοη

527 5741 1013 5820 (uijfuuc‘uggussi
1035 5751 1234 5820 prologo
1271 5746 1497 5811 Aelredi;
1534 5743 1768 5806 deinceps
1803 5753 1962 5807 usque
1985 5741 2046 5794 ad

464 5813 648 5884 «.355,
679 5830 744 5871 ex
767 5813 922 5879 ρι’ὶὶηο
941 5813 1052 5878 εδιιὸ
1068 5813 1209 5866 libri}.

2144 4228 2359 4281 volentia
2385 4237 2431 4281 et
2457 4228 2701 4280 charitate
2725 4243 3012 4298 consensus.
3036 4227 3166 4293 Quis
3190 4228 3310 4283 huic
3338 4230 3515 4298 gentili
3542 4231 3714 4283 fortem

2145 4297 2419 4370 charitatis
2448 4298 2717 4364 affectum,
2743 4297 3234 4368 benevolentiaeque
3263 4297 3483 4368 operum
3505 4314 3711 4370 expres-

2146 4369 2251 4424 sit?
2275 4369 2380 4426 Sed
2411 4369 2525 4424 hzec
2550 4384 2678 4423 vera
2715 4369 2947 4424 amicitia
2987 4385 3093 4423 non
3124 4379 3298 4438 potest
3322 4385 3441 4424 esse
3471 4369 3604 4424 inter
3622 4384 3709 4424 eos

2145 4441 2236 4510 qui
2281 4441 2397 4496 sine
2425 4439 2639 4495 Christo
2679 4448 2823 4494 sunt.
2873 4440 2954 4495 Ab
2983 4455 3188 4508 amore,
3235 4449 3293 4495 ut
3335 4441 3468 4495 mihi
3498 4442 3710 4505 videtur,

2146 4511 2348 4584 amicus
2373 4511 2568 4584 dicitur
2595 4529 2608 4584 ς
2631 4510 2913 4584 abamico,
2935 4512 3187 4566 amicitia.
3217 4511 3315 4566 Est
3338 4528 3491 4567 amor
3513 4512 3708 4584 quidam

2147 4583 2338 4637 anima:
2363 4583 2638 4637 rationalis
2666 4581 2907 4649 affectus,
2937 4597 3031 4652 per
3051 4598 3209 4652 quem
3239 4584 3352 4651 ipsa
3387 4581 3580 4653 aliquid
3601 4597 3707 4636 cum

2146 4652 2412 4708 desiderio
2436 4654 2625 4722 quaerit
2667 4662 2721 4707 et
2757 4653 2960 4723 appetit
3000 4653 3412 4710 ad-frueudum:
3445 4652 3535 4723 per
3568 4667 3708 4723 quem

2147 4732 2201 4778 et
2228 4723 2419 4778 fruitur
2445 4739 2511 4778 eo
2537 4739 2657 4778 cum
2679 4723 2907 4793 quadam
2935 4726 3191 4793 suavitate
3230 4726 3490 4788 interiori,
3521 4724 3707 4792 ample-

2147 4796 2306 4850 ctitur
2355 4802 2409 4849 et
2443 4803 2744 4865 conservat
2791 4792 3284 4864 adeptum.'Porro
3334 4799 3536 4852 amicus
3571 4793 3704 4865 quasi

2148 4867 2345 4920 amoris
2371 4864 2456 4921 vel
2482 4865 2836 4939 ipsiusanimi
2859 4880 3038 4922 custos
3059 4867 3250 4939 dicitur
3273 4885 3288 4923 :
3313 4870 3562 4939 quoniam
3586 4864 3700 4920 ami-

2148 4951 2269 4992 cum
2292 4951 2470 4992 meum
2501 4935 2699 4992 amoris
2727 4939 2917 5002 mutui,
2945 4939 3030 4994 vel
3057 4938 3222 5007 ipsius
3241 4935 3402 4994 animi
3435 4941 3536 4994 mei
3563 4951 3704 5007 opor-

2124 5016 2226 5078 _tet
2247 5023 2368 5064 esse
2395 5007 2691 5075 custodem,
2721 5018 2782 5063 ut
2805 5011 2985 5064 omnia
3012 5010 3128 5078 ejus
3155 5020 3362 5066 secreta
3392 5009 3536 5066 fideli
3561 5009 3704 5078 silen-

2150 5079 2224 5151 tio
2252 5089 2461 5141 servet;
2503 5079 2759 5151 quidquid
2806 5080 2858 5134 iu
2901 5097 2966 5136 eo
3000 5080 3246 5135 vitiosum
3280 5081 3492 5146 viderit,
3529 5095 3614 5151 pro
3637 5077 3703 5130 Vi-

2149 5149 2508 5224 ribuscaveat
2535 5150 2874 5224 etdeleat‘:
2903 5151 2988 5206 cui
3019 5162 3073 5207 et
3104 5152 3351 5222 gaudenti
3381 5149 3706 5224 congaudeat,

2149 5231 2203 5276 et
2241 5221 2445 5276 dolenti
2483 5222 2784 5286 condoleat,
2812 5230 2867 5278 et
2893 5224 3070 5278 omnia
3097 5219 3189 5277 sua
3217 5219 3563 5286 consentiant,
3590 5219 3706 5291 qui'

2152 5293 2308 5365 amici
2359 5303 2484 5348 sunt
2504 5335 2517 5347 .
2546 5294 2975 5365 Amicitia-igitur
3002 5295 3112 5364 ipsa
3143 5295 3312 5350 virtus
3341 5306 3443 5363 est,
3473 5309 3586 5364 quae
3605 5290 3711 5346 talis

2150 5364 2442 5421 dulcedinis
2463 5381 2526 5421 ac
2554 5364 2854 5421 dilectionis
2883 5364 3086 5422 findere
3111 5367 3210 5435 ipsi
3233 5369 3406 5422 amico
3425 5365 3701 5436 copulatur.

2153 5447 2209 5492 ut
2247 5453 2412 5493 unum
2451 5438 2542 5492 fiat
2593 5437 2660 5492 de
2704 5437 3000 5508 pluribus“.
3047 5434 3197 5493 Unde
3235 5439 3404 5509 ipsam
3447 5434 3707 5494 ainicitiam

2214 5551 2233 5584 ι
2267 5550 2400 5613 Apud
2422 5549 2698 5613 Aclred'um,
2721 5555 2856 5600 curet
2878 5555 2925 5600 et
2940 5548 3127 5613 toleret.

2214 5614 2235 5677 ξ
2267 5611 2398 5677 apud
2421 5612 2698 5677 Aelredum,
2737 5618 2784 5662 et
3007 5625 3097 5677 sua
3127 5613 3418 5677 essetam
3438 5625 3551 5677 quq.

2216 5675 2238 5708 ³
2269 5671 2398 5747 Apud
2420 5671 2692 5747 Aelredum,
2709 5688 2805 5730 oua
2824 5673 2918 5740 ipsi
2937 5671 3086 5728 mimi
3108 5675 3390 5741 copulatum
3403 5671 3703 5741 etc/ﬁam

2153 5735 2384 5791 mium'de
2405 5735 2635 5801 pluribus.
