  <div class='ocr_page' id='page_1' title='image "/cluster/home/n/w/nwhite01/storage/ocr_20150623/40-41/uva.x000217726/422.png"; bbox 0 0 3860 6366; ppageno 0'>
   <div class='ocr_carea' id='block_1_1' title="bbox 207 191 2128 256">
    <p class='ocr_par' dir='ltr' id='par_1_1' title="bbox 207 191 2128 256">
     <span class='ocr_line' id='line_1_1' title="bbox 207 191 2128 256; baseline -0.004 0"><span class='ocrx_word' id='word_1_1' title='bbox 207 198 290 256; x_wconf 76' lang='lat'><strong>833</strong></span> <span class='ocrx_word' id='word_1_2' title='bbox 1169 194 1172 197; x_wconf 81' lang='grc'><em>’</em></span> <span class='ocrx_word' id='word_1_3' title='bbox 1437 191 1639 249; x_wconf 80' lang='lat' dir='ltr'><strong>LIBER</strong></span> <span class='ocrx_word' id='word_1_4' title='bbox 1677 191 1767 249; x_wconf 88' lang='lat' dir='ltr'><strong>DE</strong></span> <span class='ocrx_word' id='word_1_5' title='bbox 1806 192 2128 250; x_wconf 80' lang='lat' dir='ltr'><strong>AMICITIA.</strong></span> 
     </span>
    </p>
   </div>
   <div class='ocr_carea' id='block_1_2' title="bbox 206 310 1736 397">
    <p class='ocr_par' dir='ltr' id='par_1_2' title="bbox 206 310 1736 397">
     <span class='ocr_line' id='line_1_2' title="bbox 206 310 1736 397; baseline -0.003 -24"><span class='ocrx_word' id='word_1_6' title='bbox 206 335 287 378; x_wconf 81' lang='lat' dir='ltr'><strong>non</strong></span> <span class='ocrx_word' id='word_1_7' title='bbox 306 317 427 373; x_wconf 82' lang='lat' dir='ltr'><strong>inter</strong></span> <span class='ocrx_word' id='word_1_8' title='bbox 451 312 669 397; x_wconf 71' lang='lat' dir='ltr'><strong>fortuita</strong></span> <span class='ocrx_word' id='word_1_9' title='bbox 701 311 788 397; x_wconf 74' lang='lat' dir='ltr'><strong>vel</strong></span> <span class='ocrx_word' id='word_1_10' title='bbox 817 310 1154 397; x_wconf 71' lang='lat' dir='ltr'><strong>caduca,_sed</strong></span> <span class='ocrx_word' id='word_1_11' title='bbox 1183 311 1488 397; x_wconf 65' lang='lat' dir='ltr'><strong>interipsas</strong></span> <span class='ocrx_word' id='word_1_12' title='bbox 1512 314 1736 397; x_wconf 74' lang='lat' dir='ltr'><strong>virtutes</strong></span> 
     </span>
    </p>
   </div>
   <div class='ocr_carea' id='block_1_3' title="bbox 210 383 1735 461">
    <p class='ocr_par' dir='ltr' id='par_1_3' title="bbox 210 383 1735 461">
     <span class='ocr_line' id='line_1_3' title="bbox 210 383 1735 461; baseline -0.004 -14"><span class='ocrx_word' id='word_1_13' title='bbox 210 407 301 461; x_wconf 72' lang='lat' dir='ltr'><strong>quae</strong></span> <span class='ocrx_word' id='word_1_14' title='bbox 319 400 509 461; x_wconf 59' lang='lat' dir='ltr'><strong>acterna:</strong></span> <span class='ocrx_word' id='word_1_15' title='bbox 530 395 681 461; x_wconf 82' lang='lat' dir='ltr'><strong>s_unt_,</strong></span> <span class='ocrx_word' id='word_1_16' title='bbox 710 386 865 461; x_wconf 67' lang='lat' dir='ltr'><strong>etiam</strong></span> <span class='ocrx_word' id='word_1_17' title='bbox 896 383 1076 461; x_wconf 83' lang='lat' dir='ltr'><strong>m_und_i</strong></span> <span class='ocrx_word' id='word_1_18' title='bbox 1108 383 1590 461; x_wconf 68' lang='lat' dir='ltr'><strong>httjus_pliilo§ophi</strong></span> <span class='ocrx_word' id='word_1_19' title='bbox 1618 387 1735 441; x_wconf 90' lang='lat' dir='ltr'><strong>col-</strong></span> 
     </span>
    </p>
   </div>
   <div class='ocr_carea' id='block_1_4' title="bbox 211 453 1737 519">
    <p class='ocr_par' dir='ltr' id='par_1_4' title="bbox 211 453 1737 519">
     <span class='ocr_line' id='line_1_4' title="bbox 211 453 1737 519; baseline -0.003 -2"><span class='ocrx_word' id='word_1_20' title='bbox 211 453 413 519; x_wconf 79' lang='lat' dir='ltr'><strong>locarunt.</strong></span> <span class='ocrx_word' id='word_1_21' title='bbox 450 456 602 512; x_wconf 86' lang='lat' dir='ltr'><strong>Unde</strong></span> <span class='ocrx_word' id='word_1_22' title='bbox 645 456 899 511; x_wconf 90' lang='lat' dir='ltr'><strong>Salomon</strong></span> <span class='ocrx_word' id='word_1_23' title='bbox 944 457 995 510; x_wconf 90' lang='lat' dir='ltr'><strong>in</strong></span> <span class='ocrx_word' id='word_1_24' title='bbox 1042 453 1362 519; x_wconf 75' lang='lat' dir='ltr'><strong>Proverbiis,</strong></span> <span class='ocrx_word' id='word_1_25' title='bbox 1410 453 1563 512; x_wconf 76' lang='lat' dir='ltr'><strong>Omni</strong></span> <span class='ocrx_word' id='word_1_26' title='bbox 1607 467 1737 512; x_wconf 82' lang='lat' dir='ltr'><strong>tem-</strong></span> 
     </span>
    </p>
   </div>
   <div class='ocr_carea' id='block_1_5' title="bbox 209 524 1737 611">
    <p class='ocr_par' dir='ltr' id='par_1_5' title="bbox 209 524 1737 611">
     <span class='ocr_line' id='line_1_5' title="bbox 209 524 1737 611; baseline 0.001 -28"><span class='ocrx_word' id='word_1_27' title='bbox 209 550 304 611; x_wconf 64' lang='grc' dir='ltr'><strong>ρονς</strong></span> <span class='ocrx_word' id='word_1_28' title='bbox 321 530 464 601; x_wconf 82' lang='lat' dir='ltr'><strong>diligit</strong></span> <span class='ocrx_word' id='word_1_29' title='bbox 485 528 576 599; x_wconf 83' lang='lat' dir='ltr'><strong>qui</strong></span> <span class='ocrx_word' id='word_1_30' title='bbox 601 529 796 611; x_wconf 74' lang='lat' dir='ltr'><strong>arnicas</strong></span> <span class='ocrx_word' id='word_1_31' title='bbox 823 536 893 580; x_wconf 85' lang='lat' dir='ltr'><strong>est</strong></span> <span class='ocrx_word' id='word_1_32' title='bbox 921 524 1101 611; x_wconf 78' lang='lat' dir='ltr'><strong>(Prov.</strong></span> <span class='ocrx_word' id='word_1_33' title='bbox 1130 524 1387 611; x_wconf 27' lang='lat' dir='ltr'><strong>mihi?)</strong></span> <span class='ocrx_word' id='word_1_34' title='bbox 1413 544 1436 611; x_wconf 75' lang='lat'><strong>:_</strong></span> <span class='ocrx_word' id='word_1_35' title='bbox 1454 529 1737 611; x_wconf 80' lang='lat' dir='ltr'><strong>manifeste</strong></span> 
     </span>
    </p>
   </div>
   <div class='ocr_carea' id='block_1_6' title="bbox 206 597 1737 665">
    <p class='ocr_par' dir='ltr' id='par_1_6' title="bbox 206 597 1737 665">
     <span class='ocr_line' id='line_1_6' title="bbox 206 597 1737 665; baseline -0.002 -7"><span class='ocrx_word' id='word_1_36' title='bbox 206 597 428 658; x_wconf 74' lang='lat' dir='ltr'><strong>declarans</strong></span> <span class='ocrx_word' id='word_1_37' title='bbox 452 597 571 658; x_wconf 82' lang='lat' dir='ltr'><strong>eam</strong></span> <span class='ocrx_word' id='word_1_38' title='bbox 598 609 875 665; x_wconf 70' lang='lat' dir='ltr'><strong>mternam,</strong></span> <span class='ocrx_word' id='word_1_39' title='bbox 903 597 948 653; x_wconf 90' lang='lat' dir='ltr'><strong>si</strong></span> <span class='ocrx_word' id='word_1_40' title='bbox 978 613 1101 653; x_wconf 86' lang='lat' dir='ltr'><strong>vera</strong></span> <span class='ocrx_word' id='word_1_41' title='bbox 1139 607 1240 654; x_wconf 90' lang='lat' dir='ltr'><strong>est.</strong></span> <span class='ocrx_word' id='word_1_42' title='bbox 1271 597 1325 655; x_wconf 90' lang='lat' dir='ltr'><strong>Si</strong></span> <span class='ocrx_word' id='word_1_43' title='bbox 1352 597 1530 655; x_wconf 86' lang='lat' dir='ltr'><strong>autem</strong></span> <span class='ocrx_word' id='word_1_44' title='bbox 1562 600 1737 656; x_wconf 88' lang='lat' dir='ltr'><strong>desie-</strong></span> 
     </span>
    </p>
   </div>
   <div class='ocr_carea' id='block_1_7' title="bbox 202 668 1735 743">
    <p class='ocr_par' dir='ltr' id='par_1_7' title="bbox 202 668 1735 743">
     <span class='ocr_line' id='line_1_7' title="bbox 202 668 1735 743; baseline -0.001 -14"><span class='ocrx_word' id='word_1_45' title='bbox 202 677 268 739; x_wconf 87' lang='lat' dir='ltr'><strong>rit,</strong></span> <span class='ocrx_word' id='word_1_46' title='bbox 295 687 539 743; x_wconf 82' lang='lat' dir='ltr'><strong>nunquam</strong></span> <span class='ocrx_word' id='word_1_47' title='bbox 579 686 708 727; x_wconf 89' lang='lat' dir='ltr'><strong>vera</strong></span> <span class='ocrx_word' id='word_1_48' title='bbox 734 670 851 743; x_wconf 83' lang='lat' dir='ltr'><strong>fuit.</strong></span> <span class='ocrx_word' id='word_1_49' title='bbox 884 668 998 743; x_wconf 78' lang='lat' dir='ltr'><strong>Hoc</strong></span> <span class='ocrx_word' id='word_1_50' title='bbox 1024 670 1146 725; x_wconf 90' lang='lat' dir='ltr'><strong>volo</strong></span> <span class='ocrx_word' id='word_1_51' title='bbox 1180 678 1232 725; x_wconf 89' lang='lat' dir='ltr'><strong>te</strong></span> <span class='ocrx_word' id='word_1_52' title='bbox 1274 673 1433 743; x_wconf 80' lang='lat' dir='ltr'><strong>scire,</strong></span> <span class='ocrx_word' id='word_1_53' title='bbox 1463 686 1735 741; x_wconf 88' lang='lat' dir='ltr'><strong>nunquam</strong></span> 
     </span>
    </p>
   </div>
   <div class='ocr_carea' id='block_1_8' title="bbox 200 740 1735 818">
    <p class='ocr_par' dir='ltr' id='par_1_8' title="bbox 200 740 1735 818">
     <span class='ocr_line' id='line_1_8' title="bbox 200 740 1735 818; baseline -0.003 -17"><span class='ocrx_word' id='word_1_54' title='bbox 200 746 325 818; x_wconf 81' lang='lat' dir='ltr'><strong>fuisse</strong></span> <span class='ocrx_word' id='word_1_55' title='bbox 358 740 601 818; x_wconf 81' lang='lat' dir='ltr'><strong>amicum,</strong></span> <span class='ocrx_word' id='word_1_56' title='bbox 652 742 743 812; x_wconf 85' lang='lat' dir='ltr'><strong>qui</strong></span> <span class='ocrx_word' id='word_1_57' title='bbox 786 740 925 796; x_wconf 66' lang='lat' dir='ltr'><strong>laasit</strong></span> <span class='ocrx_word' id='word_1_58' title='bbox 969 756 1090 796; x_wconf 90' lang='lat' dir='ltr'><strong>eum</strong></span> <span class='ocrx_word' id='word_1_59' title='bbox 1136 756 1298 818; x_wconf 76' lang='lat' dir='ltr'><strong>quem</strong></span> <span class='ocrx_word' id='word_1_60' title='bbox 1346 741 1401 796; x_wconf 90' lang='lat' dir='ltr'><strong>in</strong></span> <span class='ocrx_word' id='word_1_61' title='bbox 1446 740 1735 818; x_wconf 76' lang='lat' dir='ltr'><strong>amicitiam</strong></span> 
     </span>
    </p>
   </div>
   <div class='ocr_carea' id='block_1_9' title="bbox 202 813 1735 885">
    <p class='ocr_par' dir='ltr' id='par_1_9' title="bbox 202 813 1735 885">
     <span class='ocr_line' id='line_1_9' title="bbox 202 813 1735 885; baseline -0.001 -14"><span class='ocrx_word' id='word_1_62' title='bbox 202 816 330 871; x_wconf 80' lang='lat' dir='ltr'><strong>semel</strong></span> <span class='ocrx_word' id='word_1_63' title='bbox 350 815 544 885; x_wconf 83' lang='lat' dir='ltr'><strong>recepit</strong></span> <span class='ocrx_word' id='word_1_64' title='bbox 569 830 582 867; x_wconf 89' lang='lat'><strong>:</strong></span> <span class='ocrx_word' id='word_1_65' title='bbox 612 828 712 867; x_wconf 88' lang='lat' dir='ltr'><strong>nec</strong></span> <span class='ocrx_word' id='word_1_66' title='bbox 734 828 857 885; x_wconf 84' lang='lat' dir='ltr'><strong>eum</strong></span> <span class='ocrx_word' id='word_1_67' title='bbox 892 828 1033 885; x_wconf 81' lang='lat' dir='ltr'><strong>vera:</strong></span> <span class='ocrx_word' id='word_1_68' title='bbox 1061 813 1309 867; x_wconf 82' lang='lat' dir='ltr'><strong>amicitia:</strong></span> <span class='ocrx_word' id='word_1_69' title='bbox 1332 821 1573 885; x_wconf 74' lang='lat' dir='ltr'><strong>gustasse</strong></span> <span class='ocrx_word' id='word_1_70' title='bbox 1598 814 1735 869; x_wconf 84' lang='lat' dir='ltr'><strong>deli-</strong></span> 
     </span>
    </p>
   </div>
   <div class='ocr_carea' id='block_1_10' title="bbox 202 883 1730 955">
    <p class='ocr_par' dir='ltr' id='par_1_10' title="bbox 202 883 1730 955">
     <span class='ocr_line' id='line_1_10' title="bbox 202 883 1730 955; baseline 0.001 -14"><span class='ocrx_word' id='word_1_71' title='bbox 202 890 302 952; x_wconf 83' lang='lat' dir='ltr'><strong>cias,</strong></span> <span class='ocrx_word' id='word_1_72' title='bbox 326 886 400 955; x_wconf 90' lang='lat' dir='ltr'><strong>qui</strong></span> <span class='ocrx_word' id='word_1_73' title='bbox 422 883 503 939; x_wconf 82' lang='lat' dir='ltr'><strong>vel</strong></span> <span class='ocrx_word' id='word_1_74' title='bbox 528 885 692 939; x_wconf 78' lang='lat' dir='ltr'><strong>laesus</strong></span> <span class='ocrx_word' id='word_1_75' title='bbox 712 883 871 938; x_wconf 89' lang='lat' dir='ltr'><strong>desiit</strong></span> <span class='ocrx_word' id='word_1_76' title='bbox 894 883 1116 955; x_wconf 84' lang='lat' dir='ltr'><strong>diligere</strong></span> <span class='ocrx_word' id='word_1_77' title='bbox 1135 899 1294 953; x_wconf 86' lang='lat' dir='ltr'><strong>quem</strong></span> <span class='ocrx_word' id='word_1_78' title='bbox 1322 884 1488 940; x_wconf 87' lang='lat' dir='ltr'><strong>semel</strong></span> <span class='ocrx_word' id='word_1_79' title='bbox 1510 885 1730 941; x_wconf 86' lang='lat' dir='ltr'><strong>amavit.</strong></span> 
     </span>
    </p>
   </div>
   <div class='ocr_carea' id='block_1_11' title="bbox 198 954 1731 1027">
    <p class='ocr_par' dir='ltr' id='par_1_11' title="bbox 198 954 1731 1027">
     <span class='ocr_line' id='line_1_11' title="bbox 198 954 1731 1027; baseline -0.001 -14"><span class='ocrx_word' id='word_1_80' title='bbox 198 956 279 1013; x_wconf 85' lang='lat' dir='ltr'><strong>Sed</strong></span> <span class='ocrx_word' id='word_1_81' title='bbox 300 958 336 1011; x_wconf 91' lang='lat' dir='ltr'><strong>si</strong></span> <span class='ocrx_word' id='word_1_82' title='bbox 361 964 625 1025; x_wconf 77' lang='lat' dir='ltr'><strong>arguatur,</strong></span> <span class='ocrx_word' id='word_1_83' title='bbox 672 956 716 1009; x_wconf 90' lang='lat' dir='ltr'><strong>si</strong></span> <span class='ocrx_word' id='word_1_84' title='bbox 750 954 990 1027; x_wconf 83' lang='lat' dir='ltr'><strong>tradatur</strong></span> <span class='ocrx_word' id='word_1_85' title='bbox 1024 954 1274 1027; x_wconf 71' lang='lat' dir='ltr'><strong>ﬂammis,</strong></span> <span class='ocrx_word' id='word_1_86' title='bbox 1299 956 1344 1010; x_wconf 88' lang='lat' dir='ltr'><strong>si</strong></span> <span class='ocrx_word' id='word_1_87' title='bbox 1372 956 1731 1027; x_wconf 15' lang='lat' dir='ltr'><strong>cruciiafliga-</strong></span> 
     </span>
    </p>
   </div>
   <div class='ocr_carea' id='block_1_12' title="bbox 197 1025 1736 1096">
    <p class='ocr_par' dir='ltr' id='par_1_12' title="bbox 197 1025 1736 1096">
     <span class='ocr_line' id='line_1_12' title="bbox 197 1025 1736 1096; baseline 0.001 -13"><span class='ocrx_word' id='word_1_88' title='bbox 197 1038 278 1093; x_wconf 91' lang='lat' dir='ltr'><strong>tur,</strong></span> <span class='ocrx_word' id='word_1_89' title='bbox 305 1028 433 1083; x_wconf 91' lang='lat' dir='ltr'><strong>omni</strong></span> <span class='ocrx_word' id='word_1_90' title='bbox 462 1035 706 1096; x_wconf 89' lang='lat' dir='ltr'><strong>tempore</strong></span> <span class='ocrx_word' id='word_1_91' title='bbox 745 1025 913 1095; x_wconf 76' lang='lat' dir='ltr'><strong>diligit</strong></span> <span class='ocrx_word' id='word_1_92' title='bbox 951 1026 1039 1096; x_wconf 87' lang='lat' dir='ltr'><strong>qui</strong></span> <span class='ocrx_word' id='word_1_93' title='bbox 1067 1026 1269 1081; x_wconf 87' lang='lat' dir='ltr'><strong>amicus</strong></span> <span class='ocrx_word' id='word_1_94' title='bbox 1293 1036 1394 1081; x_wconf 90' lang='lat' dir='ltr'><strong>est.</strong></span> <span class='ocrx_word' id='word_1_95' title='bbox 1424 1025 1577 1083; x_wconf 86' lang='lat' dir='ltr'><strong>Unde</strong></span> <span class='ocrx_word' id='word_1_96' title='bbox 1606 1025 1736 1084; x_wconf 82' lang='lat' dir='ltr'><strong>dicit</strong></span> 
     </span>
    </p>
   </div>
   <div class='ocr_carea' id='block_1_13' title="bbox 196 1097 1736 1169">
    <p class='ocr_par' dir='ltr' id='par_1_13' title="bbox 196 1097 1736 1169">
     <span class='ocr_line' id='line_1_13' title="bbox 196 1097 1736 1169; baseline 0.001 -16"><span class='ocrx_word' id='word_1_97' title='bbox 196 1100 503 1169; x_wconf 80' lang='lat' dir='ltr'><strong>Hieronymus</strong></span> <span class='ocrx_word' id='word_1_98' title='bbox 528 1114 542 1149; x_wconf 93' lang='lat'><strong>:</strong></span> <span class='ocrx_word' id='word_1_99' title='bbox 566 1097 806 1169; x_wconf 81' lang='lat' dir='ltr'><strong>Amicitia</strong></span> <span class='ocrx_word' id='word_1_100' title='bbox 834 1112 955 1169; x_wconf 72' lang='lat' dir='ltr'><strong>qua:</strong></span> <span class='ocrx_word' id='word_1_101' title='bbox 994 1097 1219 1169; x_wconf 75' lang='lat' dir='ltr'><strong>desinere</strong></span> <span class='ocrx_word' id='word_1_102' title='bbox 1258 1106 1438 1166; x_wconf 77' lang='lat' dir='ltr'><strong>potest,</strong></span> <span class='ocrx_word' id='word_1_103' title='bbox 1479 1115 1736 1169; x_wconf 83' lang='lat' dir='ltr'><strong>nunquam</strong></span> 
     </span>
    </p>
   </div>
   <div class='ocr_carea' id='block_1_14' title="bbox 196 1167 1735 1241">
    <p class='ocr_par' dir='ltr' id='par_1_14' title="bbox 196 1167 1735 1241">
     <span class='ocr_line' id='line_1_14' title="bbox 196 1167 1735 1241; baseline 0.001 -17"><span class='ocrx_word' id='word_1_104' title='bbox 196 1187 285 1224; x_wconf 72' lang='lat' dir='ltr'><strong>rem</strong></span> <span class='ocrx_word' id='word_1_105' title='bbox 328 1167 446 1241; x_wconf 78' lang='lat' dir='ltr'><strong>fuit,</strong></span> <span class='ocrx_word' id='word_1_106' title='bbox 516 1184 631 1241; x_wconf 74' lang='lat' dir='ltr'><strong>cum</strong></span> <span class='ocrx_word' id='word_1_107' title='bbox 674 1168 927 1241; x_wconf 31' lang='lat' dir='ltr'><strong>damicitia:</strong></span> <span class='ocrx_word' id='word_1_108' title='bbox 984 1167 1220 1241; x_wconf 75' lang='lat' dir='ltr'><strong>deberent</strong></span> <span class='ocrx_word' id='word_1_109' title='bbox 1274 1185 1380 1241; x_wconf 80' lang='lat' dir='ltr'><strong>esse</strong></span> <span class='ocrx_word' id='word_1_110' title='bbox 1426 1167 1735 1241; x_wconf 78' lang='lat' dir='ltr'><strong>immortales</strong></span> 
     </span>
    </p>
   </div>
   <div class='ocr_carea' id='block_1_15' title="bbox 195 1237 1734 1313">
    <p class='ocr_par' dir='ltr' id='par_1_15' title="bbox 195 1237 1734 1313">
     <span class='ocr_line' id='line_1_15' title="bbox 195 1237 1734 1313; baseline 0.003 -20"><span class='ocrx_word' id='word_1_111' title='bbox 195 1237 455 1313; x_wconf 53' lang='lat' dir='ltr'><strong>(Epistltt,</strong></span> <span class='ocrx_word' id='word_1_112' title='bbox 478 1239 547 1291; x_wconf 88' lang='lat' dir='ltr'><strong>ad</strong></span> <span class='ocrx_word' id='word_1_113' title='bbox 571 1237 809 1313; x_wconf 64' lang='lat' dir='ltr'><strong>[tu/ﬁmi.</strong></span> <span class='ocrx_word' id='word_1_114' title='bbox 841 1237 971 1294; x_wconf 89' lang='lat' dir='ltr'><strong>Cum</strong></span> <span class='ocrx_word' id='word_1_115' title='bbox 1002 1247 1142 1313; x_wconf 81' lang='lat' dir='ltr'><strong>tanta.</strong></span> <span class='ocrx_word' id='word_1_116' title='bbox 1179 1239 1247 1313; x_wconf 91' lang='lat' dir='ltr'><strong>sit</strong></span> <span class='ocrx_word' id='word_1_117' title='bbox 1271 1239 1323 1313; x_wconf 89' lang='lat' dir='ltr'><strong>in</strong></span> <span class='ocrx_word' id='word_1_118' title='bbox 1350 1239 1578 1313; x_wconf 80' lang='lat' dir='ltr'><strong>amicitia</strong></span> <span class='ocrx_word' id='word_1_119' title='bbox 1610 1258 1734 1299; x_wconf 88' lang='lat' dir='ltr'><strong>vera</strong></span> 
     </span>
    </p>
   </div>
   <div class='ocr_carea' id='block_1_16' title="bbox 193 1309 1733 1383">
    <p class='ocr_par' dir='ltr' id='par_1_16' title="bbox 193 1309 1733 1383">
     <span class='ocr_line' id='line_1_16' title="bbox 193 1309 1733 1383; baseline 0.001 -18"><span class='ocrx_word' id='word_1_120' title='bbox 193 1309 437 1383; x_wconf 81' lang='lat' dir='ltr'><strong>perfectio,</strong></span> <span class='ocrx_word' id='word_1_121' title='bbox 461 1326 566 1363; x_wconf 87' lang='lat' dir='ltr'><strong>non</strong></span> <span class='ocrx_word' id='word_1_122' title='bbox 594 1321 677 1383; x_wconf 84' lang='lat' dir='ltr'><strong>est</strong></span> <span class='ocrx_word' id='word_1_123' title='bbox 715 1310 910 1383; x_wconf 81' lang='lat' dir='ltr'><strong>mirum</strong></span> <span class='ocrx_word' id='word_1_124' title='bbox 939 1310 1079 1379; x_wconf 92' lang='lat' dir='ltr'><strong>quod</strong></span> <span class='ocrx_word' id='word_1_125' title='bbox 1122 1310 1242 1383; x_wconf 76' lang='lat' dir='ltr'><strong>rari</strong></span> <span class='ocrx_word' id='word_1_126' title='bbox 1269 1309 1464 1383; x_wconf 74' lang='lat' dir='ltr'><strong>fuerint</strong></span> <span class='ocrx_word' id='word_1_127' title='bbox 1494 1311 1570 1373; x_wconf 86' lang='lat' dir='ltr'><strong>hi,</strong></span> <span class='ocrx_word' id='word_1_128' title='bbox 1599 1327 1733 1383; x_wconf 92' lang='lat' dir='ltr'><strong>quos</strong></span> 
     </span>
    </p>
   </div>
   <div class='ocr_carea' id='block_1_17' title="bbox 192 1380 1733 1449">
    <p class='ocr_par' dir='ltr' id='par_1_17' title="bbox 192 1380 1733 1449">
     <span class='ocr_line' id='line_1_17' title="bbox 192 1380 1733 1449; baseline 0.003 -15"><span class='ocrx_word' id='word_1_129' title='bbox 192 1380 315 1437; x_wconf 81' lang='lat' dir='ltr'><strong>veros</strong></span> <span class='ocrx_word' id='word_1_130' title='bbox 345 1382 541 1436; x_wconf 89' lang='lat' dir='ltr'><strong>amicos</strong></span> <span class='ocrx_word' id='word_1_131' title='bbox 571 1381 859 1449; x_wconf 81' lang='lat' dir='ltr'><strong>antiquitas</strong></span> <span class='ocrx_word' id='word_1_132' title='bbox 875 1380 1289 1436; x_wconf 90' lang='lat' dir='ltr'><strong>commendavit.</strong></span> <span class='ocrx_word' id='word_1_133' title='bbox 1321 1399 1339 1432; x_wconf 74' lang='grc' dir='ltr'><strong><em>ι</em></strong></span> <span class='ocrx_word' id='word_1_134' title='bbox 1360 1380 1459 1435; x_wconf 79' lang='lat' dir='ltr'><strong>Via:</strong></span> <span class='ocrx_word' id='word_1_135' title='bbox 1496 1380 1648 1449; x_wconf 78' lang='lat' dir='ltr'><strong>enini,</strong></span> <span class='ocrx_word' id='word_1_136' title='bbox 1678 1393 1733 1438; x_wconf 88' lang='lat' dir='ltr'><strong>ut</strong></span> 
     </span>
    </p>
   </div>
   <div class='ocr_carea' id='block_1_18' title="bbox 192 1452 1731 1522">
    <p class='ocr_par' dir='ltr' id='par_1_18' title="bbox 192 1452 1731 1522">
     <span class='ocr_line' id='line_1_18' title="bbox 192 1452 1731 1522; baseline 0.003 -17"><span class='ocrx_word' id='word_1_137' title='bbox 192 1456 244 1505; x_wconf 81' lang='lat' dir='ltr'><strong>ait</strong></span> <span class='ocrx_word' id='word_1_138' title='bbox 267 1453 458 1518; x_wconf 80' lang='lat' dir='ltr'><strong>Tullius,</strong></span> <span class='ocrx_word' id='word_1_139' title='bbox 490 1454 588 1505; x_wconf 86' lang='lat' dir='ltr'><strong>tria</strong></span> <span class='ocrx_word' id='word_1_140' title='bbox 611 1452 690 1504; x_wconf 80' lang='lat' dir='ltr'><strong>uel</strong></span> <span class='ocrx_word' id='word_1_141' title='bbox 715 1460 931 1522; x_wconf 68' lang='lat' dir='ltr'><strong>quatuor</strong></span> <span class='ocrx_word' id='word_1_142' title='bbox 950 1453 1227 1505; x_wconf 87' lang='lat' dir='ltr'><strong>amicorum</strong></span> <span class='ocrx_word' id='word_1_143' title='bbox 1257 1453 1402 1522; x_wconf 85' lang='lat' dir='ltr'><strong>paria</strong></span> <span class='ocrx_word' id='word_1_144' title='bbox 1427 1453 1479 1505; x_wconf 89' lang='lat' dir='ltr'><strong>in</strong></span> <span class='ocrx_word' id='word_1_145' title='bbox 1508 1463 1579 1507; x_wconf 86' lang='lat' dir='ltr'><strong>tot</strong></span> <span class='ocrx_word' id='word_1_146' title='bbox 1600 1464 1731 1509; x_wconf 88' lang='lat' dir='ltr'><strong>retro</strong></span> 
     </span>
    </p>
   </div>
   <div class='ocr_carea' id='block_1_19' title="bbox 193 1520 1732 1596">
    <p class='ocr_par' dir='ltr' id='par_1_19' title="bbox 193 1520 1732 1596">
     <span class='ocr_line' id='line_1_19' title="bbox 193 1520 1732 1596; baseline 0.002 -19"><span class='ocrx_word' id='word_1_147' title='bbox 193 1524 351 1578; x_wconf 72' lang='lat' dir='ltr'><strong>mulis</strong></span> <span class='ocrx_word' id='word_1_148' title='bbox 371 1529 504 1596; x_wconf 77' lang='lat' dir='ltr'><strong>fama</strong></span> <span class='ocrx_word' id='word_1_149' title='bbox 518 1522 831 1596; x_wconf 67' lang='lat' dir='ltr'><strong>concelebrat</strong></span> <span class='ocrx_word' id='word_1_150' title='bbox 846 1542 864 1596; x_wconf 56' lang='grc' dir='ltr'><em>ῃ</em></span> <span class='ocrx_word' id='word_1_151' title='bbox 878 1520 1095 1596; x_wconf 44' lang='lat' dir='ltr'><strong>(Linde</strong></span> <span class='ocrx_word' id='word_1_152' title='bbox 1115 1520 1277 1576; x_wconf 75' lang='lat' dir='ltr'><strong>Amic.</strong></span> <span class='ocrx_word' id='word_1_153' title='bbox 1304 1522 1477 1595; x_wconf 72' lang='lat'><strong>12.15).</strong></span> <span class='ocrx_word' id='word_1_154' title='bbox 1506 1542 1524 1574; x_wconf 75' lang='grc' dir='ltr'>ί</span> <span class='ocrx_word' id='word_1_155' title='bbox 1539 1524 1732 1596; x_wconf 81' lang='lat' dir='ltr'><strong>Magna</strong></span> 
     </span>
    </p>
   </div>
   <div class='ocr_carea' id='block_1_20' title="bbox 190 1593 1725 1665">
    <p class='ocr_par' dir='ltr' id='par_1_20' title="bbox 190 1593 1725 1665">
     <span class='ocr_line' id='line_1_20' title="bbox 190 1593 1725 1665; baseline 0.001 -17"><span class='ocrx_word' id='word_1_156' title='bbox 190 1613 250 1648; x_wconf 74' lang='lat' dir='ltr'><strong>res</strong></span> <span class='ocrx_word' id='word_1_157' title='bbox 272 1605 352 1662; x_wconf 80' lang='lat' dir='ltr'><strong>est,</strong></span> <span class='ocrx_word' id='word_1_158' title='bbox 373 1593 447 1647; x_wconf 76' lang='lat' dir='ltr'><strong>ait</strong></span> <span class='ocrx_word' id='word_1_159' title='bbox 468 1593 695 1661; x_wconf 83' lang='lat' dir='ltr'><strong>quidam,</strong></span> <span class='ocrx_word' id='word_1_160' title='bbox 723 1594 981 1665; x_wconf 66' lang='lat' dir='ltr'><strong>etetiam1</strong></span> <span class='ocrx_word' id='word_1_161' title='bbox 1008 1594 1115 1664; x_wconf 85' lang='lat' dir='ltr'><strong>ipse</strong></span> <span class='ocrx_word' id='word_1_162' title='bbox 1134 1603 1341 1647; x_wconf 81' lang='lat' dir='ltr'><strong>conatus</strong></span> <span class='ocrx_word' id='word_1_163' title='bbox 1363 1593 1572 1665; x_wconf 82' lang='lat' dir='ltr'><strong>magnus</strong></span> <span class='ocrx_word' id='word_1_164' title='bbox 1599 1593 1725 1653; x_wconf 67' lang='lat' dir='ltr'><strong>est.»</strong></span> 
     </span>
    </p>
   </div>
   <div class='ocr_carea' id='block_1_21' title="bbox 192 1664 1730 1734">
    <p class='ocr_par' dir='ltr' id='par_1_21' title="bbox 192 1664 1730 1734">
     <span class='ocr_line' id='line_1_21' title="bbox 192 1664 1730 1734; baseline 0.002 -14"><span class='ocrx_word' id='word_1_165' title='bbox 192 1666 313 1720; x_wconf 78' lang='lat' dir='ltr'><strong>Unde</strong></span> <span class='ocrx_word' id='word_1_166' title='bbox 347 1666 583 1721; x_wconf 82' lang='lat' dir='ltr'><strong>virtuosa:</strong></span> <span class='ocrx_word' id='word_1_167' title='bbox 624 1664 819 1719; x_wconf 91' lang='lat' dir='ltr'><strong>mentis</strong></span> <span class='ocrx_word' id='word_1_168' title='bbox 846 1672 928 1718; x_wconf 90' lang='lat' dir='ltr'><strong>est</strong></span> <span class='ocrx_word' id='word_1_169' title='bbox 966 1666 1211 1719; x_wconf 82' lang='lat' dir='ltr'><strong>sublimia</strong></span> <span class='ocrx_word' id='word_1_170' title='bbox 1252 1664 1466 1734; x_wconf 86' lang='lat' dir='ltr'><strong>semper</strong></span> <span class='ocrx_word' id='word_1_171' title='bbox 1491 1675 1544 1721; x_wconf 88' lang='lat' dir='ltr'><strong>et</strong></span> <span class='ocrx_word' id='word_1_172' title='bbox 1568 1667 1730 1724; x_wconf 89' lang='lat' dir='ltr'><strong>ardua</strong></span> 
     </span>
    </p>
   </div>
   <div class='ocr_carea' id='block_1_22' title="bbox 189 1736 1731 1809">
    <p class='ocr_par' dir='ltr' id='par_1_22' title="bbox 189 1736 1731 1809">
     <span class='ocr_line' id='line_1_22' title="bbox 189 1736 1731 1809; baseline 0.003 -19"><span class='ocrx_word' id='word_1_173' title='bbox 189 1737 413 1801; x_wconf 84' lang='lat' dir='ltr'><strong>meditari,</strong></span> <span class='ocrx_word' id='word_1_174' title='bbox 442 1746 500 1791; x_wconf 90' lang='lat' dir='ltr'><strong>ut</strong></span> <span class='ocrx_word' id='word_1_175' title='bbox 522 1736 849 1809; x_wconf 80' lang='lat' dir='ltr'><strong>adipiscatur</strong></span> <span class='ocrx_word' id='word_1_176' title='bbox 873 1743 1073 1809; x_wconf 85' lang='lat' dir='ltr'><strong>optata,</strong></span> <span class='ocrx_word' id='word_1_177' title='bbox 1100 1736 1184 1791; x_wconf 87' lang='lat' dir='ltr'><strong>vel</strong></span> <span class='ocrx_word' id='word_1_178' title='bbox 1218 1736 1731 1809; x_wconf 83' lang='lat' dir='ltr'><strong>lucidiusintelligat</strong></span> 
     </span>
    </p>
   </div>
   <div class='ocr_carea' id='block_1_23' title="bbox 188 1804 1730 1878">
    <p class='ocr_par' dir='ltr' id='par_1_23' title="bbox 188 1804 1730 1878">
     <span class='ocr_line' id='line_1_23' title="bbox 188 1804 1730 1878; baseline 0.001 -16"><span class='ocrx_word' id='word_1_179' title='bbox 188 1818 232 1862; x_wconf 86' lang='lat' dir='ltr'><strong>et</strong></span> <span class='ocrx_word' id='word_1_180' title='bbox 256 1817 515 1878; x_wconf 79' lang='lat' dir='ltr'><strong>cognoscat</strong></span> <span class='ocrx_word' id='word_1_181' title='bbox 539 1804 769 1877; x_wconf 83' lang='lat' dir='ltr'><strong>optanda</strong></span> <span class='ocrx_word' id='word_1_182' title='bbox 796 1824 809 1861; x_wconf 91' lang='lat'><strong>:</strong></span> <span class='ocrx_word' id='word_1_183' title='bbox 842 1804 961 1860; x_wconf 88' lang='lat' dir='ltr'><strong>cum</strong></span> <span class='ocrx_word' id='word_1_184' title='bbox 990 1804 1096 1861; x_wconf 85' lang='lat' dir='ltr'><strong>non</strong></span> <span class='ocrx_word' id='word_1_185' title='bbox 1124 1822 1310 1876; x_wconf 89' lang='lat' dir='ltr'><strong>parum</strong></span> <span class='ocrx_word' id='word_1_186' title='bbox 1334 1804 1730 1864; x_wconf 58' lang='lat' dir='ltr'><strong>credendus&#39;sit</strong></span> 
     </span>
    </p>
   </div>
   <div class='ocr_carea' id='block_1_24' title="bbox 188 1877 1730 1951">
    <p class='ocr_par' dir='ltr' id='par_1_24' title="bbox 188 1877 1730 1951">
     <span class='ocr_line' id='line_1_24' title="bbox 188 1877 1730 1951; baseline 0.002 -18"><span class='ocrx_word' id='word_1_187' title='bbox 188 1877 465 1951; x_wconf 79' lang='lat' dir='ltr'><strong>proiecisse,</strong></span> <span class='ocrx_word' id='word_1_188' title='bbox 497 1880 590 1951; x_wconf 83' lang='lat' dir='ltr'><strong>qui</strong></span> <span class='ocrx_word' id='word_1_189' title='bbox 610 1877 823 1951; x_wconf 78' lang='lat' dir='ltr'><strong>virtutis</strong></span> <span class='ocrx_word' id='word_1_190' title='bbox 847 1878 1358 1951; x_wconf 29' lang='lat' dir='ltr'><strong>cognitione‘didicit</strong></span> <span class='ocrx_word' id='word_1_191' title='bbox 1384 1895 1544 1951; x_wconf 75' lang='lat' dir='ltr'><strong>quam</strong></span> <span class='ocrx_word' id='word_1_192' title='bbox 1574 1882 1730 1951; x_wconf 83' lang='lat' dir='ltr'><strong>longe</strong></span> 
     </span>
    </p>
   </div>
   <div class='ocr_carea' id='block_1_25' title="bbox 192 1946 1730 2019">
    <p class='ocr_par' dir='ltr' id='par_1_25' title="bbox 192 1946 1730 2019">
     <span class='ocr_line' id='line_1_25' title="bbox 192 1946 1730 2019; baseline 0.002 -16"><span class='ocrx_word' id='word_1_193' title='bbox 192 1946 255 2003; x_wconf 75' lang='lat' dir='ltr'><strong>sit</strong></span> <span class='ocrx_word' id='word_1_194' title='bbox 277 1967 305 2004; x_wconf 88' lang='lat' dir='ltr'><strong>a</strong></span> <span class='ocrx_word' id='word_1_195' title='bbox 332 1946 529 2005; x_wconf 62' lang='lat' dir='ltr'><strong>virtute:</strong></span> <span class='ocrx_word' id='word_1_196' title='bbox 552 1949 736 2004; x_wconf 78' lang='lat' dir='ltr'><strong>Nonne</strong></span> <span class='ocrx_word' id='word_1_197' title='bbox 770 1948 999 2019; x_wconf 81' lang='lat' dir='ltr'><strong>Pylades</strong></span> <span class='ocrx_word' id='word_1_198' title='bbox 1046 1959 1100 2005; x_wconf 89' lang='lat' dir='ltr'><strong>et</strong></span> <span class='ocrx_word' id='word_1_199' title='bbox 1139 1949 1357 2005; x_wconf 83' lang='lat' dir='ltr'><strong>Orestes</strong></span> <span class='ocrx_word' id='word_1_200' title='bbox 1384 1946 1573 2019; x_wconf 63' lang='lat' dir='ltr'><strong>‘parati</strong></span> <span class='ocrx_word' id='word_1_201' title='bbox 1616 1946 1730 2006; x_wconf 73' lang='lat' dir='ltr'><strong>fue-</strong></span> 
     </span>
    </p>
   </div>
   <div class='ocr_carea' id='block_1_26' title="bbox 200 2019 1727 2089">
    <p class='ocr_par' dir='ltr' id='par_1_26' title="bbox 200 2019 1727 2089">
     <span class='ocr_line' id='line_1_26' title="bbox 200 2019 1727 2089; baseline 0.003 -16"><span class='ocrx_word' id='word_1_202' title='bbox 200 2032 312 2074; x_wconf 89' lang='lat' dir='ltr'><strong>runt</strong></span> <span class='ocrx_word' id='word_1_203' title='bbox 342 2035 430 2089; x_wconf 86' lang='lat' dir='ltr'><strong>pro</strong></span> <span class='ocrx_word' id='word_1_204' title='bbox 463 2022 669 2075; x_wconf 84' lang='lat' dir='ltr'><strong>invicem</strong></span> <span class='ocrx_word' id='word_1_205' title='bbox 713 2020 883 2073; x_wconf 90' lang='lat' dir='ltr'><strong>mori?</strong></span> <span class='ocrx_word' id='word_1_206' title='bbox 922 2019 1026 2075; x_wconf 88' lang='lat' dir='ltr'><strong>Sed</strong></span> <span class='ocrx_word' id='word_1_207' title='bbox 1072 2021 1259 2089; x_wconf 85' lang='lat' dir='ltr'><strong>majori</strong></span> <span class='ocrx_word' id='word_1_208' title='bbox 1286 2022 1498 2075; x_wconf 88' lang='lat' dir='ltr'><strong>virtutis</strong></span> <span class='ocrx_word' id='word_1_209' title='bbox 1544 2037 1727 2079; x_wconf 91' lang='lat' dir='ltr'><strong>amore</strong></span> 
     </span>
    </p>
   </div>
   <div class='ocr_carea' id='block_1_27' title="bbox 205 2090 1728 2160">
    <p class='ocr_par' dir='ltr' id='par_1_27' title="bbox 205 2090 1728 2160">
     <span class='ocr_line' id='line_1_27' title="bbox 205 2090 1728 2160; baseline 0.003 -17"><span class='ocrx_word' id='word_1_210' title='bbox 205 2091 449 2159; x_wconf 84' lang='lat' dir='ltr'><strong>pollebant</strong></span> <span class='ocrx_word' id='word_1_211' title='bbox 484 2092 545 2146; x_wconf 91' lang='lat' dir='ltr'><strong>de</strong></span> <span class='ocrx_word' id='word_1_212' title='bbox 580 2092 751 2160; x_wconf 86' lang='lat' dir='ltr'><strong>quibus</strong></span> <span class='ocrx_word' id='word_1_213' title='bbox 781 2090 975 2160; x_wconf 80' lang='lat' dir='ltr'><strong>legitur</strong></span> <span class='ocrx_word' id='word_1_214' title='bbox 1006 2110 1018 2145; x_wconf 94' lang='lat'>:</span> <span class='ocrx_word' id='word_1_215' title='bbox 1050 2090 1391 2145; x_wconf 80' lang='lat' dir='ltr'><strong>Multitudinis</strong></span> <span class='ocrx_word' id='word_1_216' title='bbox 1419 2093 1728 2147; x_wconf 85' lang='lat' dir='ltr'><strong>credentium</strong></span> 
     </span>
    </p>
   </div>
   <div class='ocr_carea' id='block_1_28' title="bbox 202 2160 1728 2236">
    <p class='ocr_par' dir='ltr' id='par_1_28' title="bbox 202 2160 1728 2236">
     <span class='ocr_line' id='line_1_28' title="bbox 202 2160 1728 2236; baseline 0.003 -22"><span class='ocrx_word' id='word_1_217' title='bbox 202 2172 298 2214; x_wconf 77' lang='lat' dir='ltr'><strong>erat</strong></span> <span class='ocrx_word' id='word_1_218' title='bbox 325 2179 405 2215; x_wconf 91' lang='lat' dir='ltr'><strong>cor</strong></span> <span class='ocrx_word' id='word_1_219' title='bbox 428 2178 586 2236; x_wconf 82' lang='lat' dir='ltr'><strong>unum,</strong></span> <span class='ocrx_word' id='word_1_220' title='bbox 628 2162 876 2236; x_wconf 19' lang='lat' dir='ltr'><strong>etianinta</strong></span> <span class='ocrx_word' id='word_1_221' title='bbox 901 2179 1012 2236; x_wconf 77' lang='lat' dir='ltr'><strong>una</strong></span> <span class='ocrx_word' id='word_1_222' title='bbox 1040 2160 1174 2236; x_wconf 79' lang='lat' dir='ltr'><strong>(Act.</strong></span> <span class='ocrx_word' id='word_1_223' title='bbox 1204 2179 1276 2229; x_wconf 91' lang='lat' dir='ltr'><strong>tv,</strong></span> <span class='ocrx_word' id='word_1_224' title='bbox 1318 2162 1431 2235; x_wconf 68' lang='grc'>52).</span> <span class='ocrx_word' id='word_1_225' title='bbox 1464 2164 1533 2218; x_wconf 90' lang='lat' dir='ltr'><strong>Et</strong></span> <span class='ocrx_word' id='word_1_226' title='bbox 1558 2165 1728 2219; x_wconf 83' lang='lat' dir='ltr'><strong>sancti</strong></span> 
     </span>
    </p>
   </div>
   <div class='ocr_carea' id='block_1_29' title="bbox 197 2232 1724 2304">
    <p class='ocr_par' dir='ltr' id='par_1_29' title="bbox 197 2232 1724 2304">
     <span class='ocr_line' id='line_1_29' title="bbox 197 2232 1724 2304; baseline 0.002 -17"><span class='ocrx_word' id='word_1_227' title='bbox 197 2242 431 2304; x_wconf 75' lang='lat' dir='ltr'><strong>martyres</strong></span> <span class='ocrx_word' id='word_1_228' title='bbox 448 2249 535 2302; x_wconf 87' lang='lat' dir='ltr'><strong>pro</strong></span> <span class='ocrx_word' id='word_1_229' title='bbox 559 2232 800 2288; x_wconf 88' lang='lat' dir='ltr'><strong>fratribus</strong></span> <span class='ocrx_word' id='word_1_230' title='bbox 824 2233 1032 2287; x_wconf 89' lang='lat' dir='ltr'><strong>animas</strong></span> <span class='ocrx_word' id='word_1_231' title='bbox 1050 2232 1364 2304; x_wconf 83' lang='lat' dir='ltr'><strong>posuerunt,</strong></span> <span class='ocrx_word' id='word_1_232' title='bbox 1392 2232 1498 2288; x_wconf 87' lang='lat' dir='ltr'><strong>non</strong></span> <span class='ocrx_word' id='word_1_233' title='bbox 1533 2251 1724 2304; x_wconf 86' lang='lat' dir='ltr'><strong>peper-</strong></span> 
     </span>
    </p>
   </div>
   <div class='ocr_carea' id='block_1_30' title="bbox 190 2304 1727 2374">
    <p class='ocr_par' dir='ltr' id='par_1_30' title="bbox 190 2304 1727 2374">
     <span class='ocr_line' id='line_1_30' title="bbox 190 2304 1727 2374; baseline 0.003 -18"><span class='ocrx_word' id='word_1_234' title='bbox 190 2312 356 2357; x_wconf 84' lang='lat' dir='ltr'><strong>cerunt</strong></span> <span class='ocrx_word' id='word_1_235' title='bbox 380 2304 647 2371; x_wconf 85' lang='lat' dir='ltr'><strong>laboribus,</strong></span> <span class='ocrx_word' id='word_1_236' title='bbox 693 2318 800 2358; x_wconf 90' lang='lat' dir='ltr'><strong>non</strong></span> <span class='ocrx_word' id='word_1_237' title='bbox 827 2305 1070 2374; x_wconf 90' lang='lat' dir='ltr'><strong>corporis</strong></span> <span class='ocrx_word' id='word_1_238' title='bbox 1100 2305 1440 2360; x_wconf 88' lang='lat' dir='ltr'><strong>cruciatibus.</strong></span> <span class='ocrx_word' id='word_1_239' title='bbox 1488 2304 1594 2361; x_wconf 89' lang='lat' dir='ltr'><strong>Sed</strong></span> <span class='ocrx_word' id='word_1_240' title='bbox 1622 2307 1727 2361; x_wconf 85' lang='lat' dir='ltr'><strong>mi-</strong></span> 
     </span>
    </p>
   </div>
   <div class='ocr_carea' id='block_1_31' title="bbox 184 2374 1727 2446">
    <p class='ocr_par' dir='ltr' id='par_1_31' title="bbox 184 2374 1727 2446">
     <span class='ocr_line' id='line_1_31' title="bbox 184 2374 1727 2446; baseline 0.003 -18"><span class='ocrx_word' id='word_1_241' title='bbox 184 2389 285 2428; x_wconf 88' lang='lat' dir='ltr'><strong>rum</strong></span> <span class='ocrx_word' id='word_1_242' title='bbox 320 2390 415 2429; x_wconf 89' lang='lat' dir='ltr'><strong>non</strong></span> <span class='ocrx_word' id='word_1_243' title='bbox 454 2384 532 2429; x_wconf 88' lang='lat' dir='ltr'><strong>est</strong></span> <span class='ocrx_word' id='word_1_244' title='bbox 575 2374 717 2445; x_wconf 89' lang='lat' dir='ltr'><strong>quod</strong></span> <span class='ocrx_word' id='word_1_245' title='bbox 756 2377 927 2430; x_wconf 90' lang='lat' dir='ltr'><strong>multo</strong></span> <span class='ocrx_word' id='word_1_246' title='bbox 977 2376 1157 2445; x_wconf 88' lang='lat' dir='ltr'><strong>plures</strong></span> <span class='ocrx_word' id='word_1_247' title='bbox 1200 2377 1405 2446; x_wconf 82' lang='lat' dir='ltr'><strong>gremio</strong></span> <span class='ocrx_word' id='word_1_248' title='bbox 1451 2376 1727 2433; x_wconf 90' lang='lat' dir='ltr'><strong>ebaritatis</strong></span> 
     </span>
    </p>
   </div>
   <div class='ocr_carea' id='block_1_32' title="bbox 184 2447 1729 2515">
    <p class='ocr_par' dir='ltr' id='par_1_32' title="bbox 184 2447 1729 2515">
     <span class='ocr_line' id='line_1_32' title="bbox 184 2447 1729 2515; baseline 0.003 -16"><span class='ocrx_word' id='word_1_249' title='bbox 184 2461 318 2514; x_wconf 86' lang='lat' dir='ltr'><strong>quam</strong></span> <span class='ocrx_word' id='word_1_250' title='bbox 341 2447 573 2501; x_wconf 72' lang='lat' dir='ltr'><strong>amicitia:</strong></span> <span class='ocrx_word' id='word_1_251' title='bbox 602 2447 933 2514; x_wconf 80' lang='lat' dir='ltr'><strong>amplexibus</strong></span> <span class='ocrx_word' id='word_1_252' title='bbox 972 2447 1311 2515; x_wconf 90' lang='lat' dir='ltr'><strong>recipiendos</strong></span> <span class='ocrx_word' id='word_1_253' title='bbox 1349 2447 1526 2502; x_wconf 87' lang='lat' dir='ltr'><strong>divina</strong></span> <span class='ocrx_word' id='word_1_254' title='bbox 1552 2450 1729 2504; x_wconf 83' lang='lat' dir='ltr'><strong>sanxit</strong></span> 
     </span>
    </p>
   </div>
   <div class='ocr_carea' id='block_1_33' title="bbox 183 2517 1729 2588">
    <p class='ocr_par' dir='ltr' id='par_1_33' title="bbox 183 2517 1729 2588">
     <span class='ocr_line' id='line_1_33' title="bbox 183 2517 1729 2588; baseline 0.003 -19"><span class='ocrx_word' id='word_1_255' title='bbox 183 2518 452 2583; x_wconf 82' lang='lat' dir='ltr'><strong>auctoritas,</strong></span> <span class='ocrx_word' id='word_1_256' title='bbox 483 2534 601 2588; x_wconf 83' lang='lat' dir='ltr'><strong>qua:</strong></span> <span class='ocrx_word' id='word_1_257' title='bbox 641 2533 751 2572; x_wconf 92' lang='lat' dir='ltr'><strong>non</strong></span> <span class='ocrx_word' id='word_1_258' title='bbox 776 2518 946 2572; x_wconf 88' lang='lat' dir='ltr'><strong>solum</strong></span> <span class='ocrx_word' id='word_1_259' title='bbox 977 2518 1196 2588; x_wconf 80' lang='lat' dir='ltr'><strong>amicos,</strong></span> <span class='ocrx_word' id='word_1_260' title='bbox 1227 2517 1320 2572; x_wconf 90' lang='lat' dir='ltr'><strong>sed</strong></span> <span class='ocrx_word' id='word_1_261' title='bbox 1355 2520 1517 2573; x_wconf 90' lang='lat' dir='ltr'><strong>etiam</strong></span> <span class='ocrx_word' id='word_1_262' title='bbox 1550 2519 1729 2574; x_wconf 89' lang='lat' dir='ltr'><strong>inimi-</strong></span> 
     </span>
    </p>
   </div>
   <div class='ocr_carea' id='block_1_34' title="bbox 181 2587 1728 2661">
    <p class='ocr_par' dir='ltr' id='par_1_34' title="bbox 181 2587 1728 2661">
     <span class='ocr_line' id='line_1_34' title="bbox 181 2587 1728 2661; baseline 0.002 -19"><span class='ocrx_word' id='word_1_263' title='bbox 181 2602 258 2642; x_wconf 87' lang='lat' dir='ltr'><strong>cos</strong></span> <span class='ocrx_word' id='word_1_264' title='bbox 281 2587 533 2644; x_wconf 85' lang='lat' dir='ltr'><strong>charitatis</strong></span> <span class='ocrx_word' id='word_1_265' title='bbox 562 2590 678 2661; x_wconf 82' lang='lat' dir='ltr'><strong>lege</strong></span> <span class='ocrx_word' id='word_1_266' title='bbox 704 2589 1074 2659; x_wconf 85' lang='lat' dir='ltr'><strong>complectitur</strong></span> <span class='ocrx_word' id='word_1_267' title='bbox 1100 2587 1315 2658; x_wconf 82' lang='lat' dir='ltr'><strong>(Matth.</strong></span> <span class='ocrx_word' id='word_1_268' title='bbox 1346 2605 1401 2655; x_wconf 80' lang='grc' dir='ltr'><strong>ν,</strong></span> <span class='ocrx_word' id='word_1_269' title='bbox 1433 2590 1546 2661; x_wconf 73' lang='grc'><strong>44).</strong></span> <span class='ocrx_word' id='word_1_270' title='bbox 1578 2590 1728 2645; x_wconf 85' lang='lat' dir='ltr'><strong>Ami-</strong></span> 
     </span>
    </p>
   </div>
   <div class='ocr_carea' id='block_1_35' title="bbox 183 2660 1727 2730">
    <p class='ocr_par' dir='ltr' id='par_1_35' title="bbox 183 2660 1727 2730">
     <span class='ocr_line' id='line_1_35' title="bbox 183 2660 1727 2730; baseline 0.003 -19"><span class='ocrx_word' id='word_1_271' title='bbox 183 2673 257 2713; x_wconf 85' lang='lat' dir='ltr'><strong>cos</strong></span> <span class='ocrx_word' id='word_1_272' title='bbox 279 2662 406 2715; x_wconf 90' lang='lat' dir='ltr'><strong>solos</strong></span> <span class='ocrx_word' id='word_1_273' title='bbox 432 2662 550 2715; x_wconf 88' lang='lat' dir='ltr'><strong>illos</strong></span> <span class='ocrx_word' id='word_1_274' title='bbox 576 2660 824 2726; x_wconf 89' lang='lat' dir='ltr'><strong>dicimus,</strong></span> <span class='ocrx_word' id='word_1_275' title='bbox 866 2661 1056 2730; x_wconf 89' lang='lat' dir='ltr'><strong>quibus</strong></span> <span class='ocrx_word' id='word_1_276' title='bbox 1080 2674 1174 2714; x_wconf 91' lang='lat' dir='ltr'><strong>cor</strong></span> <span class='ocrx_word' id='word_1_277' title='bbox 1201 2669 1463 2726; x_wconf 90' lang='lat' dir='ltr'><strong>nostrum,</strong></span> <span class='ocrx_word' id='word_1_278' title='bbox 1494 2660 1548 2715; x_wconf 88' lang='lat' dir='ltr'><strong>et</strong></span> <span class='ocrx_word' id='word_1_279' title='bbox 1575 2660 1727 2730; x_wconf 88' lang='lat' dir='ltr'><strong>quid-</strong></span> 
     </span>
    </p>
   </div>
   <div class='ocr_carea' id='block_1_36' title="bbox 186 2730 1726 2799">
    <p class='ocr_par' dir='ltr' id='par_1_36' title="bbox 186 2730 1726 2799">
     <span class='ocr_line' id='line_1_36' title="bbox 186 2730 1726 2799; baseline 0.004 -17"><span class='ocrx_word' id='word_1_280' title='bbox 186 2730 291 2799; x_wconf 85' lang='lat' dir='ltr'><strong>quid</strong></span> <span class='ocrx_word' id='word_1_281' title='bbox 328 2732 375 2786; x_wconf 91' lang='lat' dir='ltr'><strong>in</strong></span> <span class='ocrx_word' id='word_1_282' title='bbox 416 2732 504 2786; x_wconf 92' lang='lat' dir='ltr'><strong>illo</strong></span> <span class='ocrx_word' id='word_1_283' title='bbox 545 2740 649 2794; x_wconf 87' lang='lat' dir='ltr'><strong>est,</strong></span> <span class='ocrx_word' id='word_1_284' title='bbox 698 2733 1034 2786; x_wconf 90' lang='lat' dir='ltr'><strong>committere</strong></span> <span class='ocrx_word' id='word_1_285' title='bbox 1054 2746 1171 2796; x_wconf 57' lang='lat' dir='ltr'><strong>,non</strong></span> <span class='ocrx_word' id='word_1_286' title='bbox 1210 2730 1575 2795; x_wconf 89' lang='lat' dir='ltr'><strong>formidamus,</strong></span> <span class='ocrx_word' id='word_1_287' title='bbox 1622 2732 1726 2788; x_wconf 85' lang='lat' dir='ltr'><strong>il&#39;lis</strong></span> 
     </span>
    </p>
   </div>
   <div class='ocr_carea' id='block_1_37' title="bbox 191 2801 1726 2873">
    <p class='ocr_par' dir='ltr' id='par_1_37' title="bbox 191 2801 1726 2873">
     <span class='ocr_line' id='line_1_37' title="bbox 191 2801 1726 2873; baseline 0.003 -22"><span class='ocrx_word' id='word_1_288' title='bbox 191 2801 386 2856; x_wconf 77' lang='lat' dir='ltr'><strong>vicissim</strong></span> <span class='ocrx_word' id='word_1_289' title='bbox 414 2803 566 2858; x_wconf 92' lang='lat' dir='ltr'><strong>nobis</strong></span> <span class='ocrx_word' id='word_1_290' title='bbox 591 2802 778 2857; x_wconf 89' lang='lat' dir='ltr'><strong>eadem</strong></span> <span class='ocrx_word' id='word_1_291' title='bbox 808 2802 929 2857; x_wconf 87' lang='lat' dir='ltr'><strong>ﬁdei</strong></span> <span class='ocrx_word' id='word_1_292' title='bbox 962 2803 1078 2873; x_wconf 83' lang='lat' dir='ltr'><strong>lege</strong></span> <span class='ocrx_word' id='word_1_293' title='bbox 1104 2811 1157 2857; x_wconf 92' lang='lat' dir='ltr'><strong>et</strong></span> <span class='ocrx_word' id='word_1_294' title='bbox 1184 2802 1468 2857; x_wconf 89' lang='lat' dir='ltr'><strong>securitate</strong></span> <span class='ocrx_word' id='word_1_295' title='bbox 1494 2804 1726 2857; x_wconf 84' lang='lat' dir='ltr'><strong>constri-</strong></span> 
     </span>
    </p>
   </div>
   <div class='ocr_carea' id='block_1_38' title="bbox 183 2873 1726 2943">
    <p class='ocr_par' dir='ltr' id='par_1_38' title="bbox 183 2873 1726 2943">
     <span class='ocr_line' id='line_1_38' title="bbox 183 2873 1726 2943; baseline 0.001 -17"><span class='ocrx_word' id='word_1_296' title='bbox 183 2873 283 2926; x_wconf 90' lang='lat' dir='ltr'><strong>ctis.</strong></span> <span class='ocrx_word' id='word_1_297' title='bbox 318 2874 460 2929; x_wconf 77' lang='lat' dir='ltr'><strong>Falso</strong></span> <span class='ocrx_word' id='word_1_298' title='bbox 499 2889 631 2943; x_wconf 83' lang='lat' dir='ltr'><strong>ergo</strong></span> <span class='ocrx_word' id='word_1_299' title='bbox 676 2874 989 2943; x_wconf 73' lang='lat' dir='ltr'><strong>praeclarum</strong></span> <span class='ocrx_word' id='word_1_300' title='bbox 1039 2889 1233 2928; x_wconf 89' lang='lat' dir='ltr'><strong>nomen</strong></span> <span class='ocrx_word' id='word_1_301' title='bbox 1274 2874 1522 2928; x_wconf 81' lang='lat' dir='ltr'><strong>amicitia:</strong></span> <span class='ocrx_word' id='word_1_302' title='bbox 1571 2889 1726 2930; x_wconf 83' lang='lat' dir='ltr'><strong>assu-</strong></span> 
     </span>
    </p>
   </div>
   <div class='ocr_carea' id='block_1_39' title="bbox 182 2945 1726 3015">
    <p class='ocr_par' dir='ltr' id='par_1_39' title="bbox 182 2945 1726 3015">
     <span class='ocr_line' id='line_1_39' title="bbox 182 2945 1726 3015; baseline 0.003 -19"><span class='ocrx_word' id='word_1_303' title='bbox 182 2954 321 3008; x_wconf 89' lang='lat' dir='ltr'><strong>munt,</strong></span> <span class='ocrx_word' id='word_1_304' title='bbox 348 2946 478 3000; x_wconf 87' lang='lat' dir='ltr'><strong>inter</strong></span> <span class='ocrx_word' id='word_1_305' title='bbox 504 2960 640 3015; x_wconf 91' lang='lat' dir='ltr'><strong>quos</strong></span> <span class='ocrx_word' id='word_1_306' title='bbox 660 2953 743 2998; x_wconf 91' lang='lat' dir='ltr'><strong>est</strong></span> <span class='ocrx_word' id='word_1_307' title='bbox 766 2945 1135 2999; x_wconf 81' lang='lat' dir='ltr'><strong>convenientia</strong></span> <span class='ocrx_word' id='word_1_308' title='bbox 1157 2945 1407 2999; x_wconf 89' lang='lat' dir='ltr'><strong>vitiorum</strong></span> <span class='ocrx_word' id='word_1_309' title='bbox 1434 2963 1447 2999; x_wconf 89' lang='lat'><strong>:</strong></span> <span class='ocrx_word' id='word_1_310' title='bbox 1475 2946 1726 3015; x_wconf 90' lang='lat' dir='ltr'><strong>quoniam</strong></span> 
     </span>
    </p>
   </div>
   <div class='ocr_carea' id='block_1_40' title="bbox 180 3015 1727 3083">
    <p class='ocr_par' dir='ltr' id='par_1_40' title="bbox 180 3015 1727 3083">
     <span class='ocr_line' id='line_1_40' title="bbox 180 3015 1727 3083; baseline 0.003 -16"><span class='ocrx_word' id='word_1_311' title='bbox 180 3017 252 3083; x_wconf 87' lang='lat' dir='ltr'><strong>qui</strong></span> <span class='ocrx_word' id='word_1_312' title='bbox 278 3031 369 3071; x_wconf 89' lang='lat' dir='ltr'><strong>non</strong></span> <span class='ocrx_word' id='word_1_313' title='bbox 394 3026 553 3076; x_wconf 86' lang='lat' dir='ltr'><strong>amat,</strong></span> <span class='ocrx_word' id='word_1_314' title='bbox 588 3016 795 3070; x_wconf 90' lang='lat' dir='ltr'><strong>amicus</strong></span> <span class='ocrx_word' id='word_1_315' title='bbox 825 3031 929 3070; x_wconf 92' lang='lat' dir='ltr'><strong>non</strong></span> <span class='ocrx_word' id='word_1_316' title='bbox 965 3024 1065 3070; x_wconf 88' lang='lat' dir='ltr'><strong>est.</strong></span> <span class='ocrx_word' id='word_1_317' title='bbox 1096 3015 1209 3070; x_wconf 85' lang='lat' dir='ltr'><strong>Non</strong></span> <span class='ocrx_word' id='word_1_318' title='bbox 1251 3025 1427 3070; x_wconf 90' lang='lat' dir='ltr'><strong>autem</strong></span> <span class='ocrx_word' id='word_1_319' title='bbox 1455 3024 1597 3070; x_wconf 89' lang='lat' dir='ltr'><strong>amat</strong></span> <span class='ocrx_word' id='word_1_320' title='bbox 1625 3016 1727 3071; x_wconf 92' lang='lat' dir='ltr'><strong>ho-</strong></span> 
     </span>
    </p>
   </div>
   <div class='ocr_carea' id='block_1_41' title="bbox 177 3086 1727 3157">
    <p class='ocr_par' dir='ltr' id='par_1_41' title="bbox 177 3086 1727 3157">
     <span class='ocr_line' id='line_1_41' title="bbox 177 3086 1727 3157; baseline 0.001 -18"><span class='ocrx_word' id='word_1_321' title='bbox 177 3088 368 3152; x_wconf 85' lang='lat' dir='ltr'><strong>minem,</strong></span> <span class='ocrx_word' id='word_1_322' title='bbox 397 3089 481 3150; x_wconf 71' lang='lat' dir='ltr'><strong>qui</strong></span> <span class='ocrx_word' id='word_1_323' title='bbox 526 3087 702 3157; x_wconf 80' lang='lat' dir='ltr'><strong>diligit</strong></span> <span class='ocrx_word' id='word_1_324' title='bbox 749 3088 1077 3156; x_wconf 84' lang='lat' dir='ltr'><strong>iniquitatem</strong></span> <span class='ocrx_word' id='word_1_325' title='bbox 1108 3105 1120 3140; x_wconf 90' lang='lat'><strong>:</strong></span> <span class='ocrx_word' id='word_1_326' title='bbox 1150 3095 1205 3141; x_wconf 88' lang='lat' dir='ltr'><strong>et</strong></span> <span class='ocrx_word' id='word_1_327' title='bbox 1247 3086 1333 3141; x_wconf 88' lang='lat' dir='ltr'><strong>hic</strong></span> <span class='ocrx_word' id='word_1_328' title='bbox 1358 3087 1471 3157; x_wconf 89' lang='lat' dir='ltr'><strong>odit</strong></span> <span class='ocrx_word' id='word_1_329' title='bbox 1497 3087 1727 3141; x_wconf 90' lang='lat' dir='ltr'><strong>animam</strong></span> 
     </span>
    </p>
   </div>
   <div class='ocr_carea' id='block_1_42' title="bbox 179 3156 1727 3227">
    <p class='ocr_par' dir='ltr' id='par_1_42' title="bbox 179 3156 1727 3227">
     <span class='ocr_line' id='line_1_42' title="bbox 179 3156 1727 3227; baseline 0.002 -18"><span class='ocrx_word' id='word_1_330' title='bbox 179 3171 327 3219; x_wconf 82' lang='lat' dir='ltr'><strong>suam,</strong></span> <span class='ocrx_word' id='word_1_331' title='bbox 366 3169 413 3213; x_wconf 86' lang='lat' dir='ltr'><strong>et</strong></span> <span class='ocrx_word' id='word_1_332' title='bbox 449 3156 672 3213; x_wconf 86' lang='lat' dir='ltr'><strong>alterius</strong></span> <span class='ocrx_word' id='word_1_333' title='bbox 702 3174 884 3211; x_wconf 88' lang='lat' dir='ltr'><strong>amare</strong></span> <span class='ocrx_word' id='word_1_334' title='bbox 934 3174 1037 3213; x_wconf 90' lang='lat' dir='ltr'><strong>non</strong></span> <span class='ocrx_word' id='word_1_335' title='bbox 1083 3159 1296 3227; x_wconf 86' lang='lat' dir='ltr'><strong>poterit.</strong></span> <span class='ocrx_word' id='word_1_336' title='bbox 1340 3156 1472 3213; x_wconf 88' lang='lat' dir='ltr'><strong>Cum</strong></span> <span class='ocrx_word' id='word_1_337' title='bbox 1504 3174 1632 3212; x_wconf 85' lang='lat' dir='ltr'><strong>vero</strong></span> <span class='ocrx_word' id='word_1_338' title='bbox 1672 3158 1727 3213; x_wconf 89' lang='lat' dir='ltr'><strong>in</strong></span> 
     </span>
    </p>
   </div>
   <div class='ocr_carea' id='block_1_43' title="bbox 178 3229 1726 3299">
    <p class='ocr_par' dir='ltr' id='par_1_43' title="bbox 178 3229 1726 3299">
     <span class='ocr_line' id='line_1_43' title="bbox 178 3229 1726 3299; baseline 0.002 -20"><span class='ocrx_word' id='word_1_339' title='bbox 178 3229 259 3280; x_wconf 87' lang='lat' dir='ltr'><strong>tali</strong></span> <span class='ocrx_word' id='word_1_340' title='bbox 282 3231 512 3295; x_wconf 88' lang='lat' dir='ltr'><strong>amicitia,</strong></span> <span class='ocrx_word' id='word_1_341' title='bbox 542 3246 705 3299; x_wconf 85' lang='lat' dir='ltr'><strong>quam</strong></span> <span class='ocrx_word' id='word_1_342' title='bbox 731 3230 814 3284; x_wconf 88' lang='lat' dir='ltr'><strong>vel</strong></span> <span class='ocrx_word' id='word_1_343' title='bbox 848 3229 1013 3284; x_wconf 91' lang='lat' dir='ltr'><strong>libido</strong></span> <span class='ocrx_word' id='word_1_344' title='bbox 1034 3229 1405 3292; x_wconf 88' lang='lat' dir='ltr'><strong>commaculat,</strong></span> <span class='ocrx_word' id='word_1_345' title='bbox 1437 3229 1520 3281; x_wconf 87' lang='lat' dir='ltr'><strong>vel</strong></span> <span class='ocrx_word' id='word_1_346' title='bbox 1550 3231 1726 3282; x_wconf 86' lang='lat' dir='ltr'><strong>avari-</strong></span> 
     </span>
    </p>
   </div>
   <div class='ocr_carea' id='block_1_44' title="bbox 172 3299 1731 3369">
    <p class='ocr_par' dir='ltr' id='par_1_44' title="bbox 172 3299 1731 3369">
     <span class='ocr_line' id='line_1_44' title="bbox 172 3299 1731 3369; baseline 0.003 -19"><span class='ocrx_word' id='word_1_347' title='bbox 172 3299 231 3351; x_wconf 86' lang='lat' dir='ltr'><strong>tia</strong></span> <span class='ocrx_word' id='word_1_348' title='bbox 274 3300 442 3366; x_wconf 75' lang='lat' dir='ltr'><strong>ftedat,</strong></span> <span class='ocrx_word' id='word_1_349' title='bbox 491 3304 573 3355; x_wconf 88' lang='lat' dir='ltr'><strong>vel</strong></span> <span class='ocrx_word' id='word_1_350' title='bbox 607 3302 835 3355; x_wconf 83' lang='lat' dir='ltr'><strong>incestat</strong></span> <span class='ocrx_word' id='word_1_351' title='bbox 875 3300 1269 3364; x_wconf 80' lang='lat' dir='ltr'><strong>luxuria,tanta</strong></span> <span class='ocrx_word' id='word_1_352' title='bbox 1312 3310 1365 3354; x_wconf 90' lang='lat' dir='ltr'><strong>et</strong></span> <span class='ocrx_word' id='word_1_353' title='bbox 1406 3300 1527 3353; x_wconf 87' lang='lat' dir='ltr'><strong>talis</strong></span> <span class='ocrx_word' id='word_1_354' title='bbox 1567 3315 1731 3369; x_wconf 88' lang='lat' dir='ltr'><strong>expc-</strong></span> 
     </span>
    </p>
   </div>
   <div class='ocr_carea' id='block_1_45' title="bbox 167 3371 1730 3441">
    <p class='ocr_par' dir='ltr' id='par_1_45' title="bbox 167 3371 1730 3441">
     <span class='ocr_line' id='line_1_45' title="bbox 167 3371 1730 3441; baseline 0.003 -19"><span class='ocrx_word' id='word_1_355' title='bbox 167 3372 318 3425; x_wconf 85' lang='lat' dir='ltr'><strong>riatur</strong></span> <span class='ocrx_word' id='word_1_356' title='bbox 341 3372 586 3435; x_wconf 89' lang='lat' dir='ltr'><strong>dulcedo;</strong></span> <span class='ocrx_word' id='word_1_357' title='bbox 630 3374 759 3427; x_wconf 89' lang='lat' dir='ltr'><strong>libet</strong></span> <span class='ocrx_word' id='word_1_358' title='bbox 790 3372 1056 3440; x_wconf 85' lang='lat' dir='ltr'><strong>conjicere</strong></span> <span class='ocrx_word' id='word_1_359' title='bbox 1084 3381 1337 3441; x_wconf 90' lang='lat' dir='ltr'><strong>quantum</strong></span> <span class='ocrx_word' id='word_1_360' title='bbox 1382 3371 1573 3425; x_wconf 88' lang='lat' dir='ltr'><strong>habeat</strong></span> <span class='ocrx_word' id='word_1_361' title='bbox 1607 3387 1730 3426; x_wconf 87' lang='lat' dir='ltr'><strong>sua-</strong></span> 
     </span>
    </p>
   </div>
   <div class='ocr_carea' id='block_1_46' title="bbox 167 3442 1730 3513">
    <p class='ocr_par' dir='ltr' id='par_1_46' title="bbox 167 3442 1730 3513">
     <span class='ocr_line' id='line_1_46' title="bbox 167 3442 1730 3513; baseline 0.005 -24"><span class='ocrx_word' id='word_1_362' title='bbox 167 3442 335 3495; x_wconf 76' lang='lat' dir='ltr'><strong>vitatis</strong></span> <span class='ocrx_word' id='word_1_363' title='bbox 370 3443 448 3497; x_wconf 88' lang='lat' dir='ltr'><strong>illa</strong></span> <span class='ocrx_word' id='word_1_364' title='bbox 473 3486 487 3507; x_wconf 94' lang='lat'><strong>,</strong></span> <span class='ocrx_word' id='word_1_365' title='bbox 529 3460 649 3513; x_wconf 79' lang='lat' dir='ltr'><strong>quze</strong></span> <span class='ocrx_word' id='word_1_366' title='bbox 698 3452 897 3512; x_wconf 90' lang='lat' dir='ltr'><strong>quanto</strong></span> <span class='ocrx_word' id='word_1_367' title='bbox 931 3442 1205 3496; x_wconf 84' lang='lat' dir='ltr'><strong>honestior</strong></span> <span class='ocrx_word' id='word_1_368' title='bbox 1232 3450 1334 3508; x_wconf 89' lang='lat' dir='ltr'><strong>est,</strong></span> <span class='ocrx_word' id='word_1_369' title='bbox 1368 3450 1514 3496; x_wconf 90' lang='lat' dir='ltr'><strong>tanto</strong></span> <span class='ocrx_word' id='word_1_370' title='bbox 1544 3452 1628 3497; x_wconf 90' lang='lat' dir='ltr'><strong>est</strong></span> <span class='ocrx_word' id='word_1_371' title='bbox 1675 3451 1730 3497; x_wconf 93' lang='lat' dir='ltr'><strong>et</strong></span> 
     </span>
    </p>
   </div>
   <div class='ocr_carea' id='block_1_47' title="bbox 168 3513 1731 3583">
    <p class='ocr_par' dir='ltr' id='par_1_47' title="bbox 168 3513 1731 3583">
     <span class='ocr_line' id='line_1_47' title="bbox 168 3513 1731 3583; baseline 0.004 -21"><span class='ocrx_word' id='word_1_372' title='bbox 168 3513 426 3583; x_wconf 70' lang='lat' dir='ltr'><strong>securior;</strong></span> <span class='ocrx_word' id='word_1_373' title='bbox 466 3524 656 3583; x_wconf 75' lang='lat' dir='ltr'><strong>quanto</strong></span> <span class='ocrx_word' id='word_1_374' title='bbox 710 3516 926 3581; x_wconf 80' lang='lat' dir='ltr'><strong>castior,</strong></span> <span class='ocrx_word' id='word_1_375' title='bbox 970 3521 1119 3567; x_wconf 87' lang='lat' dir='ltr'><strong>tanto</strong></span> <span class='ocrx_word' id='word_1_376' title='bbox 1164 3513 1482 3583; x_wconf 89' lang='lat' dir='ltr'><strong>jucundior;</strong></span> <span class='ocrx_word' id='word_1_377' title='bbox 1529 3523 1731 3582; x_wconf 90' lang='lat' dir='ltr'><strong>quanto</strong></span> 
     </span>
    </p>
   </div>
   <div class='ocr_carea' id='block_1_48' title="bbox 161 3579 883 3643">
    <p class='ocr_par' dir='ltr' id='par_1_48' title="bbox 161 3579 883 3643">
     <span class='ocr_line' id='line_1_48' title="bbox 161 3579 883 3643; baseline 0.007 -10"><span class='ocrx_word' id='word_1_378' title='bbox 161 3579 395 3643; x_wconf 83' lang='lat' dir='ltr'><strong>liberior,</strong></span> <span class='ocrx_word' id='word_1_379' title='bbox 421 3579 549 3637; x_wconf 80' lang='lat' dir='ltr'><strong>tanto</strong></span> <span class='ocrx_word' id='word_1_380' title='bbox 573 3597 627 3640; x_wconf 89' lang='lat' dir='ltr'><strong>et</strong></span> <span class='ocrx_word' id='word_1_381' title='bbox 658 3584 883 3638; x_wconf 74' lang='lat' dir='ltr'><strong>felicior.</strong></span> 
     </span>
    </p>
   </div>
   <div class='ocr_carea' id='block_1_49' title="bbox 227 3654 1733 3727">
    <p class='ocr_par' dir='ltr' id='par_1_49' title="bbox 227 3654 1733 3727">
     <span class='ocr_line' id='line_1_49' title="bbox 227 3654 1733 3727; baseline 0.002 -20"><span class='ocrx_word' id='word_1_382' title='bbox 227 3654 450 3727; x_wconf 55' lang='lat' dir='ltr'><strong>CAPUT</strong></span> <span class='ocrx_word' id='word_1_383' title='bbox 470 3654 548 3709; x_wconf 70' lang='grc' dir='ltr'><strong>ΙΙΙ.</strong></span> <span class='ocrx_word' id='word_1_384' title='bbox 581 3657 819 3709; x_wconf 83' lang='lat' dir='ltr'><strong>Amicitia</strong></span> <span class='ocrx_word' id='word_1_385' title='bbox 836 3656 1020 3727; x_wconf 73' lang='lat' dir='ltr'><strong>triplex</strong></span> <span class='ocrx_word' id='word_1_386' title='bbox 1036 3656 1306 3721; x_wconf 86' lang='lat' dir='ltr'><strong>:carnalis,</strong></span> <span class='ocrx_word' id='word_1_387' title='bbox 1328 3655 1617 3722; x_wconf 85' lang='lat' dir='ltr'><strong>mundialis,</strong></span> <span class='ocrx_word' id='word_1_388' title='bbox 1635 3656 1733 3725; x_wconf 88' lang='lat' dir='ltr'><strong>spi-</strong></span> 
     </span>
    </p>
   </div>
   <div class='ocr_carea' id='block_1_50' title="bbox 150 3724 1734 3796">
    <p class='ocr_par' dir='ltr' id='par_1_50' title="bbox 150 3724 1734 3796">
     <span class='ocr_line' id='line_1_50' title="bbox 150 3724 1734 3796; baseline 0.004 -21"><span class='ocrx_word' id='word_1_389' title='bbox 150 3724 350 3796; x_wconf 61' lang='lat' dir='ltr'><strong>ritantia</strong></span> <span class='ocrx_word' id='word_1_390' title='bbox 368 3735 412 3777; x_wconf 74' lang='lat' dir='ltr'><strong>et</strong></span> <span class='ocrx_word' id='word_1_391' title='bbox 433 3741 561 3780; x_wconf 82' lang='lat' dir='ltr'><strong>vera.</strong></span> <span class='ocrx_word' id='word_1_392' title='bbox 588 3727 832 3781; x_wconf 83' lang='lat' dir='ltr'><strong>Amicitia</strong></span> <span class='ocrx_word' id='word_1_393' title='bbox 858 3724 1030 3796; x_wconf 82' lang='lat' dir='ltr'><strong>itaque</strong></span> <span class='ocrx_word' id='word_1_394' title='bbox 1054 3727 1156 3780; x_wconf 86' lang='lat' dir='ltr'><strong>alia</strong></span> <span class='ocrx_word' id='word_1_395' title='bbox 1172 3728 1416 3791; x_wconf 84' lang='lat' dir='ltr'><strong>carnalis,</strong></span> <span class='ocrx_word' id='word_1_396' title='bbox 1451 3728 1551 3780; x_wconf 82' lang='lat' dir='ltr'><strong>alia</strong></span> <span class='ocrx_word' id='word_1_397' title='bbox 1579 3724 1734 3781; x_wconf 84' lang='lat' dir='ltr'><strong>mun-</strong></span> 
     </span>
    </p>
   </div>
   <div class='ocr_carea' id='block_1_51' title="bbox 157 3793 1733 3867">
    <p class='ocr_par' dir='ltr' id='par_1_51' title="bbox 157 3793 1733 3867">
     <span class='ocr_line' id='line_1_51' title="bbox 157 3793 1733 3867; baseline 0.005 -23"><span class='ocrx_word' id='word_1_398' title='bbox 157 3793 320 3861; x_wconf 82' lang='lat' dir='ltr'><strong>dialis,</strong></span> <span class='ocrx_word' id='word_1_399' title='bbox 351 3798 448 3851; x_wconf 86' lang='lat' dir='ltr'><strong>alia</strong></span> <span class='ocrx_word' id='word_1_400' title='bbox 489 3799 798 3867; x_wconf 85' lang='lat' dir='ltr'><strong>spiritualis.</strong></span> <span class='ocrx_word' id='word_1_401' title='bbox 826 3793 1105 3852; x_wconf 83' lang='lat' dir='ltr'><strong>Carualem</strong></span> <span class='ocrx_word' id='word_1_402' title='bbox 1134 3809 1281 3852; x_wconf 91' lang='lat' dir='ltr'><strong>creat</strong></span> <span class='ocrx_word' id='word_1_403' title='bbox 1330 3800 1577 3851; x_wconf 89' lang='lat' dir='ltr'><strong>vitiorum</strong></span> <span class='ocrx_word' id='word_1_404' title='bbox 1607 3813 1733 3852; x_wconf 91' lang='lat' dir='ltr'><strong>con-</strong></span> 
     </span>
    </p>
   </div>
   <div class='ocr_carea' id='block_1_52' title="bbox 168 3869 1729 3938">
    <p class='ocr_par' dir='ltr' id='par_1_52' title="bbox 168 3869 1729 3938">
     <span class='ocr_line' id='line_1_52' title="bbox 168 3869 1729 3938; baseline 0.003 -19"><span class='ocrx_word' id='word_1_405' title='bbox 168 3876 333 3938; x_wconf 68' lang='lat' dir='ltr'><strong>sensus</strong></span> <span class='ocrx_word' id='word_1_406' title='bbox 356 3910 370 3933; x_wconf 92' lang='lat'><strong>,</strong></span> <span class='ocrx_word' id='word_1_407' title='bbox 386 3871 707 3923; x_wconf 86' lang='lat' dir='ltr'><strong>mundialem</strong></span> <span class='ocrx_word' id='word_1_408' title='bbox 724 3884 846 3938; x_wconf 80' lang='lat' dir='ltr'><strong>Spes</strong></span> <span class='ocrx_word' id='word_1_409' title='bbox 867 3878 1101 3937; x_wconf 65' lang='lat' dir='ltr'><strong>qurestus</strong></span> <span class='ocrx_word' id='word_1_410' title='bbox 1117 3869 1385 3923; x_wconf 89' lang='lat' dir='ltr'><strong>accendit:</strong></span> <span class='ocrx_word' id='word_1_411' title='bbox 1405 3869 1729 3935; x_wconf 82' lang='lat' dir='ltr'><strong>spiritualem</strong></span> 
     </span>
    </p>
   </div>
   <div class='ocr_carea' id='block_1_53' title="bbox 168 3934 1735 4006">
    <p class='ocr_par' dir='ltr' id='par_1_53' title="bbox 168 3934 1735 4006">
     <span class='ocr_line' id='line_1_53' title="bbox 168 3934 1735 4006; baseline 0.003 -16"><span class='ocrx_word' id='word_1_412' title='bbox 168 3934 281 3991; x_wconf 82' lang='lat' dir='ltr'><strong>inter</strong></span> <span class='ocrx_word' id='word_1_413' title='bbox 297 3939 462 3995; x_wconf 87' lang='lat' dir='ltr'><strong>bonos</strong></span> <span class='ocrx_word' id='word_1_414' title='bbox 479 3943 622 4001; x_wconf 71' lang='lat' dir='ltr'><strong>vitm,</strong></span> <span class='ocrx_word' id='word_1_415' title='bbox 640 3934 867 4005; x_wconf 85' lang='lat' dir='ltr'><strong>morum,</strong></span> <span class='ocrx_word' id='word_1_416' title='bbox 882 3934 1287 4006; x_wconf 76' lang='lat' dir='ltr'><strong>studiorumque</strong></span> <span class='ocrx_word' id='word_1_417' title='bbox 1304 3934 1592 3994; x_wconf 85' lang='lat' dir='ltr'><strong>similitudo</strong></span> <span class='ocrx_word' id='word_1_418' title='bbox 1607 3956 1735 3994; x_wconf 91' lang='lat' dir='ltr'><strong>con-</strong></span> 
     </span>
    </p>
   </div>
   <div class='ocr_carea' id='block_1_54' title="bbox 164 4007 1731 4073">
    <p class='ocr_par' dir='ltr' id='par_1_54' title="bbox 164 4007 1731 4073">
     <span class='ocr_line' id='line_1_54' title="bbox 164 4007 1731 4073; baseline 0.004 -15"><span class='ocrx_word' id='word_1_419' title='bbox 164 4007 390 4073; x_wconf 74' lang='lat' dir='ltr'><strong>glutinat.</strong></span> <span class='ocrx_word' id='word_1_420' title='bbox 436 4011 730 4067; x_wconf 82' lang='lat' dir='ltr'><strong>Exordium</strong></span> <span class='ocrx_word' id='word_1_421' title='bbox 774 4012 1000 4065; x_wconf 82' lang='lat' dir='ltr'><strong>carnalis</strong></span> <span class='ocrx_word' id='word_1_422' title='bbox 1044 4011 1290 4065; x_wconf 79' lang='lat' dir='ltr'><strong>amicitia:</strong></span> <span class='ocrx_word' id='word_1_423' title='bbox 1343 4012 1409 4065; x_wconf 89' lang='lat' dir='ltr'><strong>ab</strong></span> <span class='ocrx_word' id='word_1_424' title='bbox 1450 4009 1731 4066; x_wconf 66' lang='lat' dir='ltr'><strong>aﬂ‘ectione</strong></span> 
     </span>
    </p>
   </div>
   <div class='ocr_carea' id='block_1_55' title="bbox 161 4082 1732 4153">
    <p class='ocr_par' dir='ltr' id='par_1_55' title="bbox 161 4082 1732 4153">
     <span class='ocr_line' id='line_1_55' title="bbox 161 4082 1732 4153; baseline 0.003 -20"><span class='ocrx_word' id='word_1_425' title='bbox 161 4082 402 4147; x_wconf 77' lang='lat' dir='ltr'><strong>procedit,</strong></span> <span class='ocrx_word' id='word_1_426' title='bbox 438 4099 559 4153; x_wconf 76' lang='lat' dir='ltr'><strong>qua:</strong></span> <span class='ocrx_word' id='word_1_427' title='bbox 590 4083 755 4136; x_wconf 90' lang='lat' dir='ltr'><strong>instar</strong></span> <span class='ocrx_word' id='word_1_428' title='bbox 782 4082 1079 4137; x_wconf 87' lang='lat' dir='ltr'><strong>meretricis</strong></span> <span class='ocrx_word' id='word_1_429' title='bbox 1117 4082 1374 4153; x_wconf 87' lang='lat' dir='ltr'><strong>divaricat</strong></span> <span class='ocrx_word' id='word_1_430' title='bbox 1414 4083 1575 4149; x_wconf 88' lang='lat' dir='ltr'><strong>pedes</strong></span> <span class='ocrx_word' id='word_1_431' title='bbox 1604 4097 1732 4137; x_wconf 91' lang='lat' dir='ltr'><strong>suos</strong></span> 
     </span>
    </p>
   </div>
   <div class='ocr_carea' id='block_1_56' title="bbox 157 4151 1734 4224">
    <p class='ocr_par' dir='ltr' id='par_1_56' title="bbox 157 4151 1734 4224">
     <span class='ocr_line' id='line_1_56' title="bbox 157 4151 1734 4224; baseline 0.003 -21"><span class='ocrx_word' id='word_1_432' title='bbox 157 4153 285 4205; x_wconf 87' lang='lat' dir='ltr'><strong>omni</strong></span> <span class='ocrx_word' id='word_1_433' title='bbox 334 4151 649 4219; x_wconf 80' lang='lat' dir='ltr'><strong>transeunti,</strong></span> <span class='ocrx_word' id='word_1_434' title='bbox 699 4168 928 4224; x_wconf 88' lang='lat' dir='ltr'><strong>sequens</strong></span> <span class='ocrx_word' id='word_1_435' title='bbox 970 4167 1127 4207; x_wconf 90' lang='lat' dir='ltr'><strong>aures</strong></span> <span class='ocrx_word' id='word_1_436' title='bbox 1170 4162 1224 4206; x_wconf 90' lang='lat' dir='ltr'><strong>et</strong></span> <span class='ocrx_word' id='word_1_437' title='bbox 1261 4151 1445 4206; x_wconf 88' lang='lat' dir='ltr'><strong>oculos</strong></span> <span class='ocrx_word' id='word_1_438' title='bbox 1486 4166 1611 4205; x_wconf 92' lang='lat' dir='ltr'><strong>suos</strong></span> <span class='ocrx_word' id='word_1_439' title='bbox 1635 4168 1734 4223; x_wconf 89' lang='lat' dir='ltr'><strong>per</strong></span> 
     </span>
    </p>
   </div>
   <div class='ocr_carea' id='block_1_57' title="bbox 156 4223 1731 4294">
    <p class='ocr_par' dir='ltr' id='par_1_57' title="bbox 156 4223 1731 4294">
     <span class='ocr_line' id='line_1_57' title="bbox 156 4223 1731 4294; baseline 0.003 -21"><span class='ocrx_word' id='word_1_440' title='bbox 156 4224 284 4275; x_wconf 71' lang='lat' dir='ltr'><strong>varia</strong></span> <span class='ocrx_word' id='word_1_441' title='bbox 309 4224 631 4279; x_wconf 85' lang='lat' dir='ltr'><strong>fornicantes</strong></span> <span class='ocrx_word' id='word_1_442' title='bbox 656 4243 669 4278; x_wconf 89' lang='lat'><strong>:</strong></span> <span class='ocrx_word' id='word_1_443' title='bbox 703 4223 797 4293; x_wconf 81' lang='lat' dir='ltr'><strong>per</strong></span> <span class='ocrx_word' id='word_1_444' title='bbox 822 4240 1043 4294; x_wconf 89' lang='lat' dir='ltr'><strong>quorum</strong></span> <span class='ocrx_word' id='word_1_445' title='bbox 1073 4224 1247 4278; x_wconf 89' lang='lat' dir='ltr'><strong>aditus</strong></span> <span class='ocrx_word' id='word_1_446' title='bbox 1274 4238 1440 4293; x_wconf 89' lang='lat' dir='ltr'><strong>usque</strong></span> <span class='ocrx_word' id='word_1_447' title='bbox 1469 4223 1533 4276; x_wconf 91' lang='lat' dir='ltr'><strong>ad</strong></span> <span class='ocrx_word' id='word_1_448' title='bbox 1563 4224 1731 4291; x_wconf 88' lang='lat' dir='ltr'><strong>ipsam</strong></span> 
     </span>
    </p>
   </div>
   <div class='ocr_carea' id='block_1_58' title="bbox 156 4294 1727 4367">
    <p class='ocr_par' dir='ltr' id='par_1_58' title="bbox 156 4294 1727 4367">
     <span class='ocr_line' id='line_1_58' title="bbox 156 4294 1727 4367; baseline 0.003 -25"><span class='ocrx_word' id='word_1_449' title='bbox 156 4304 376 4348; x_wconf 87' lang='lat' dir='ltr'><strong>mentem</strong></span> <span class='ocrx_word' id='word_1_450' title='bbox 414 4296 757 4367; x_wconf 89' lang='lat' dir='ltr'><strong>pulchrorum</strong></span> <span class='ocrx_word' id='word_1_451' title='bbox 799 4310 1085 4365; x_wconf 84' lang='lat' dir='ltr'><strong>corporum</strong></span> <span class='ocrx_word' id='word_1_452' title='bbox 1116 4294 1727 4367; x_wconf 75' lang='lat' dir='ltr'><strong>vel_rerum_vo|uptuo-</strong></span> 
     </span>
    </p>
   </div>
   <div class='ocr_carea' id='block_1_59' title="bbox 156 4364 1726 4437">
    <p class='ocr_par' dir='ltr' id='par_1_59' title="bbox 156 4364 1726 4437">
     <span class='ocr_line' id='line_1_59' title="bbox 156 4364 1726 4437; baseline 0.001 -19"><span class='ocrx_word' id='word_1_453' title='bbox 156 4374 323 4419; x_wconf 76' lang='lat' dir='ltr'><strong>sarum</strong></span> <span class='ocrx_word' id='word_1_454' title='bbox 355 4364 577 4422; x_wconf 71' lang='lat' dir='ltr'><strong>infertur</strong></span> <span class='ocrx_word' id='word_1_455' title='bbox 620 4370 811 4437; x_wconf 84' lang='lat' dir='ltr'><strong>imago,</strong></span> <span class='ocrx_word' id='word_1_456' title='bbox 854 4364 1046 4436; x_wconf 85' lang='lat' dir='ltr'><strong>quibus</strong></span> <span class='ocrx_word' id='word_1_457' title='bbox 1089 4365 1155 4419; x_wconf 90' lang='lat' dir='ltr'><strong>ad</strong></span> <span class='ocrx_word' id='word_1_458' title='bbox 1186 4365 1390 4419; x_wconf 89' lang='lat' dir='ltr'><strong>libittun</strong></span> <span class='ocrx_word' id='word_1_459' title='bbox 1419 4364 1543 4429; x_wconf 90' lang='lat' dir='ltr'><strong>frui,</strong></span> <span class='ocrx_word' id='word_1_460' title='bbox 1575 4373 1726 4435; x_wconf 88' lang='lat' dir='ltr'><strong>putat</strong></span> 
     </span>
    </p>
   </div>
   <div class='ocr_carea' id='block_1_60' title="bbox 154 4437 1733 4502">
    <p class='ocr_par' dir='ltr' id='par_1_60' title="bbox 154 4437 1733 4502">
     <span class='ocr_line' id='line_1_60' title="bbox 154 4437 1733 4502; baseline 0.001 -13"><span class='ocrx_word' id='word_1_461' title='bbox 154 4447 260 4502; x_wconf 68' lang='lat' dir='ltr'><strong>esse</strong></span> <span class='ocrx_word' id='word_1_462' title='bbox 302 4437 555 4501; x_wconf 83' lang='lat' dir='ltr'><strong>beatum;</strong></span> <span class='ocrx_word' id='word_1_463' title='bbox 589 4439 683 4492; x_wconf 91' lang='lat' dir='ltr'><strong>sed</strong></span> <span class='ocrx_word' id='word_1_464' title='bbox 719 4440 831 4491; x_wconf 90' lang='lat' dir='ltr'><strong>sine</strong></span> <span class='ocrx_word' id='word_1_465' title='bbox 869 4438 1037 4502; x_wconf 87' lang='lat' dir='ltr'><strong>socio,</strong></span> <span class='ocrx_word' id='word_1_466' title='bbox 1086 4438 1263 4490; x_wconf 89' lang='lat' dir='ltr'><strong>minus</strong></span> <span class='ocrx_word' id='word_1_467' title='bbox 1303 4437 1571 4491; x_wconf 85' lang='lat' dir='ltr'><strong>existimat</strong></span> <span class='ocrx_word' id='word_1_468' title='bbox 1613 4451 1733 4491; x_wconf 86' lang='lat' dir='ltr'><strong>esse</strong></span> 
     </span>
    </p>
   </div>
   <div class='ocr_carea' id='block_1_61' title="bbox 148 4501 1734 4577">
    <p class='ocr_par' dir='ltr' id='par_1_61' title="bbox 148 4501 1734 4577">
     <span class='ocr_line' id='line_1_61' title="bbox 148 4501 1734 4577; baseline 0.001 -18"><span class='ocrx_word' id='word_1_469' title='bbox 148 4501 454 4567; x_wconf 84' lang='lat' dir='ltr'><strong>jucundum.</strong></span> <span class='ocrx_word' id='word_1_470' title='bbox 492 4509 644 4563; x_wconf 89' lang='lat' dir='ltr'><strong>Tunc</strong></span> <span class='ocrx_word' id='word_1_471' title='bbox 685 4520 851 4574; x_wconf 88' lang='lat' dir='ltr'><strong>motu,</strong></span> <span class='ocrx_word' id='word_1_472' title='bbox 886 4501 1041 4573; x_wconf 89' lang='lat' dir='ltr'><strong>nutu,</strong></span> <span class='ocrx_word' id='word_1_473' title='bbox 1071 4507 1270 4571; x_wconf 81' lang='lat' dir='ltr'><strong>verbis,</strong></span> <span class='ocrx_word' id='word_1_474' title='bbox 1301 4507 1573 4577; x_wconf 85' lang='lat' dir='ltr'><strong>obsequiis</strong></span> <span class='ocrx_word' id='word_1_475' title='bbox 1618 4507 1734 4560; x_wconf 90' lang='lat' dir='ltr'><strong>ani-</strong></span> 
     </span>
    </p>
   </div>
   <div class='ocr_carea' id='block_1_62' title="bbox 150 4578 1734 4648">
    <p class='ocr_par' dir='ltr' id='par_1_62' title="bbox 150 4578 1734 4648">
     <span class='ocr_line' id='line_1_62' title="bbox 150 4578 1734 4648; baseline 0 -16"><span class='ocrx_word' id='word_1_476' title='bbox 150 4588 261 4648; x_wconf 82' lang='lat' dir='ltr'><strong>mus</strong></span> <span class='ocrx_word' id='word_1_477' title='bbox 311 4581 378 4633; x_wconf 85' lang='lat' dir='ltr'><strong>ab</strong></span> <span class='ocrx_word' id='word_1_478' title='bbox 426 4582 607 4634; x_wconf 87' lang='lat' dir='ltr'><strong>animo</strong></span> <span class='ocrx_word' id='word_1_479' title='bbox 662 4581 994 4648; x_wconf 82' lang='lat' dir='ltr'><strong>captivatur;</strong></span> <span class='ocrx_word' id='word_1_480' title='bbox 1038 4588 1090 4633; x_wconf 92' lang='lat' dir='ltr'><strong>et</strong></span> <span class='ocrx_word' id='word_1_481' title='bbox 1138 4578 1445 4632; x_wconf 86' lang='lat' dir='ltr'><strong>accenditur</strong></span> <span class='ocrx_word' id='word_1_482' title='bbox 1489 4591 1626 4631; x_wconf 90' lang='lat' dir='ltr'><strong>unus</strong></span> <span class='ocrx_word' id='word_1_483' title='bbox 1666 4578 1734 4632; x_wconf 84' lang='lat' dir='ltr'><strong>ab</strong></span> 
     </span>
    </p>
   </div>
   <div class='ocr_carea' id='block_1_63' title="bbox 112 4647 1734 4714">
    <p class='ocr_par' dir='ltr' id='par_1_63' title="bbox 112 4647 1734 4714">
     <span class='ocr_line' id='line_1_63' title="bbox 112 4647 1734 4714; baseline 0.002 -13"><span class='ocrx_word' id='word_1_484' title='bbox 112 4698 113 4701; x_wconf 44' lang='grc' dir='ltr'><strong>η</strong></span> <span class='ocrx_word' id='word_1_485' title='bbox 150 4647 336 4714; x_wconf 78' lang='lat' dir='ltr'><strong>altero,</strong></span> <span class='ocrx_word' id='word_1_486' title='bbox 369 4661 420 4705; x_wconf 85' lang='lat' dir='ltr'><strong>et</strong></span> <span class='ocrx_word' id='word_1_487' title='bbox 450 4647 947 4705; x_wconf 74' lang='lat' dir='ltr'><strong>conterminantnr&#39;</strong></span> <span class='ocrx_word' id='word_1_488' title='bbox 981 4651 1032 4703; x_wconf 91' lang='lat' dir='ltr'><strong>in</strong></span> <span class='ocrx_word' id='word_1_489' title='bbox 1064 4665 1248 4711; x_wconf 90' lang='lat' dir='ltr'><strong>unum,</strong></span> <span class='ocrx_word' id='word_1_490' title='bbox 1282 4656 1341 4703; x_wconf 89' lang='lat' dir='ltr'><strong>ut</strong></span> <span class='ocrx_word' id='word_1_491' title='bbox 1376 4648 1507 4702; x_wconf 92' lang='lat' dir='ltr'><strong>inito</strong></span> <span class='ocrx_word' id='word_1_492' title='bbox 1531 4648 1734 4704; x_wconf 70' lang='lat' dir='ltr'><strong>foedere</strong></span> 
     </span>
    </p>
   </div>
   <div class='ocr_carea' id='block_1_64' title="bbox 104 4712 1729 4793">
    <p class='ocr_par' dir='ltr' id='par_1_64' title="bbox 104 4712 1729 4793">
     <span class='ocr_line' id='line_1_64' title="bbox 104 4712 1729 4793; baseline 0 -22"><span class='ocrx_word' id='word_1_493' title='bbox 104 4712 115 4729; x_wconf 79' lang='grc'><strong><em>⁸</em></strong></span> <span class='ocrx_word' id='word_1_494' title='bbox 152 4712 459 4793; x_wconf 63' lang='lat' dir='ltr'><strong>miserabili,</strong></span> <span class='ocrx_word' id='word_1_495' title='bbox 490 4722 745 4793; x_wconf 87' lang='lat' dir='ltr'><strong>quidquid</strong></span> <span class='ocrx_word' id='word_1_496' title='bbox 777 4722 1014 4793; x_wconf 87' lang='lat' dir='ltr'><strong>sceleris,</strong></span> <span class='ocrx_word' id='word_1_497' title='bbox 1048 4720 1304 4790; x_wconf 90' lang='lat' dir='ltr'><strong>quidquid</strong></span> <span class='ocrx_word' id='word_1_498' title='bbox 1335 4720 1595 4793; x_wconf 75' lang='lat' dir='ltr'><strong>sacrilegii</strong></span> <span class='ocrx_word' id='word_1_499' title='bbox 1627 4727 1729 4793; x_wconf 79' lang='lat' dir='ltr'><strong>est,</strong></span> 
     </span>
    </p>
   </div>
   <div class='ocr_carea' id='block_1_65' title="bbox 150 4788 1729 4863">
    <p class='ocr_par' dir='ltr' id='par_1_65' title="bbox 150 4788 1729 4863">
     <span class='ocr_line' id='line_1_65' title="bbox 150 4788 1729 4863; baseline 0 -19"><span class='ocrx_word' id='word_1_500' title='bbox 150 4788 287 4863; x_wconf 13' lang='lat' dir='ltr'><strong>alter,</strong></span> <span class='ocrx_word' id='word_1_501' title='bbox 302 4803 423 4862; x_wconf 82' lang='lat' dir='ltr'><strong>agat</strong></span> <span class='ocrx_word' id='word_1_502' title='bbox 452 4788 763 4863; x_wconf 41' lang='lat' dir='ltr'><strong>et’pati&#39;atur</strong></span> <span class='ocrx_word' id='word_1_503' title='bbox 787 4808 884 4862; x_wconf 90' lang='lat' dir='ltr'><strong>pro</strong></span> <span class='ocrx_word' id='word_1_504' title='bbox 911 4788 1082 4845; x_wconf 88' lang='lat' dir='ltr'><strong>altero</strong></span> <span class='ocrx_word' id='word_1_505' title='bbox 1111 4809 1127 4863; x_wconf 12' lang='lat'><strong>:7</strong></span> <span class='ocrx_word' id='word_1_506' title='bbox 1153 4788 1387 4863; x_wconf 85' lang='lat' dir='ltr'><strong>nihilque</strong></span> <span class='ocrx_word' id='word_1_507' title='bbox 1412 4788 1512 4844; x_wconf 91' lang='lat' dir='ltr'><strong>hac</strong></span> <span class='ocrx_word' id='word_1_508' title='bbox 1538 4788 1729 4863; x_wconf 82' lang='lat' dir='ltr'><strong>amici-</strong></span> 
     </span>
    </p>
   </div>
   <div class='ocr_carea' id='block_1_66' title="bbox 150 4858 1729 4931">
    <p class='ocr_par' dir='ltr' id='par_1_66' title="bbox 150 4858 1729 4931">
     <span class='ocr_line' id='line_1_66' title="bbox 150 4858 1729 4931; baseline 0.002 -20"><span class='ocrx_word' id='word_1_509' title='bbox 150 4858 209 4911; x_wconf 83' lang='lat' dir='ltr'><strong>tia</strong></span> <span class='ocrx_word' id='word_1_510' title='bbox 256 4858 471 4919; x_wconf 77' lang='lat' dir='ltr'><strong>dulcius</strong></span> <span class='ocrx_word' id='word_1_511' title='bbox 522 4858 866 4927; x_wconf 80' lang='lat' dir='ltr'><strong>arbitrantur,</strong></span> <span class='ocrx_word' id='word_1_512' title='bbox 914 4864 1001 4919; x_wconf 86' lang='lat' dir='ltr'><strong>vel</strong></span> <span class='ocrx_word' id='word_1_513' title='bbox 1037 4858 1538 4931; x_wconf 50' lang='lat' dir='ltr'><strong>judicant&#39;justius,</strong></span> <span class='ocrx_word' id='word_1_514' title='bbox 1590 4861 1729 4917; x_wconf 87' lang='lat' dir='ltr'><strong>idem</strong></span> 
     </span>
    </p>
   </div>
   <div class='ocr_carea' id='block_1_67' title="bbox 150 4932 1733 5005">
    <p class='ocr_par' dir='ltr' id='par_1_67' title="bbox 150 4932 1733 5005">
     <span class='ocr_line' id='line_1_67' title="bbox 150 4932 1733 5005; baseline 0.003 -23"><span class='ocrx_word' id='word_1_515' title='bbox 150 4932 277 5005; x_wconf 67' lang='lat' dir='ltr'><strong>yelle</strong></span> <span class='ocrx_word' id='word_1_516' title='bbox 304 4944 359 4988; x_wconf 87' lang='lat' dir='ltr'><strong>et</strong></span> <span class='ocrx_word' id='word_1_517' title='bbox 384 4936 525 4990; x_wconf 89' lang='lat' dir='ltr'><strong>idem</strong></span> <span class='ocrx_word' id='word_1_518' title='bbox 554 4936 693 4990; x_wconf 89' lang='lat' dir='ltr'><strong>nolle</strong></span> <span class='ocrx_word' id='word_1_519' title='bbox 721 4936 821 4990; x_wconf 90' lang='lat' dir='ltr'><strong>sibi</strong></span> <span class='ocrx_word' id='word_1_520' title='bbox 848 4936 1217 5005; x_wconf 79' lang='lat' dir='ltr'><strong>existimantes</strong></span> <span class='ocrx_word' id='word_1_521' title='bbox 1255 4934 1503 5005; x_wconf 73' lang='lat' dir='ltr'><strong>amicitiae</strong></span> <span class='ocrx_word' id='word_1_522' title='bbox 1528 4932 1733 5005; x_wconf 82' lang='lat' dir='ltr'><strong>legibus</strong></span> 
     </span>
    </p>
   </div>
   <div class='ocr_carea' id='block_1_68' title="bbox 148 5004 1729 5073">
    <p class='ocr_par' dir='ltr' id='par_1_68' title="bbox 148 5004 1729 5073">
     <span class='ocr_line' id='line_1_68' title="bbox 148 5004 1729 5073; baseline 0.004 -20"><span class='ocrx_word' id='word_1_523' title='bbox 148 5004 415 5073; x_wconf 78' lang='lat' dir='ltr'><strong>imperari.</strong></span> <span class='ocrx_word' id='word_1_524' title='bbox 450 5006 576 5061; x_wconf 77' lang='lat' dir='ltr'><strong>Hzec</strong></span> <span class='ocrx_word' id='word_1_525' title='bbox 602 5006 837 5061; x_wconf 87' lang='lat' dir='ltr'><strong>amicitia</strong></span> <span class='ocrx_word' id='word_1_526' title='bbox 877 5020 974 5060; x_wconf 89' lang='lat' dir='ltr'><strong>nec</strong></span> <span class='ocrx_word' id='word_1_527' title='bbox 1002 5004 1389 5060; x_wconf 87' lang='lat' dir='ltr'><strong>deliberatione</strong></span> <span class='ocrx_word' id='word_1_528' title='bbox 1418 5004 1729 5073; x_wconf 88' lang='lat' dir='ltr'><strong>suscipitur,</strong></span> 
     </span>
    </p>
   </div>
   <div class='ocr_carea' id='block_1_69' title="bbox 146 5075 1732 5147">
    <p class='ocr_par' dir='ltr' id='par_1_69' title="bbox 146 5075 1732 5147">
     <span class='ocr_line' id='line_1_69' title="bbox 146 5075 1732 5147; baseline 0.002 -21"><span class='ocrx_word' id='word_1_529' title='bbox 146 5080 237 5126; x_wconf 80' lang='lat' dir='ltr'><strong>nec</strong></span> <span class='ocrx_word' id='word_1_530' title='bbox 277 5075 481 5144; x_wconf 86' lang='lat' dir='ltr'><strong>judicio</strong></span> <span class='ocrx_word' id='word_1_531' title='bbox 527 5077 803 5147; x_wconf 88' lang='lat' dir='ltr'><strong>probatur,</strong></span> <span class='ocrx_word' id='word_1_532' title='bbox 852 5092 952 5131; x_wconf 90' lang='lat' dir='ltr'><strong>nec</strong></span> <span class='ocrx_word' id='word_1_533' title='bbox 987 5077 1188 5145; x_wconf 80' lang='lat' dir='ltr'><strong>regitur</strong></span> <span class='ocrx_word' id='word_1_534' title='bbox 1222 5076 1465 5147; x_wconf 85' lang='lat' dir='ltr'><strong>ratione;</strong></span> <span class='ocrx_word' id='word_1_535' title='bbox 1504 5075 1598 5129; x_wconf 86' lang='lat' dir='ltr'><strong>sed</strong></span> <span class='ocrx_word' id='word_1_536' title='bbox 1641 5089 1732 5129; x_wconf 86' lang='lat' dir='ltr'><strong>se-</strong></span> 
     </span>
    </p>
   </div>
   <div class='ocr_carea' id='block_1_70' title="bbox 140 5146 1728 5218">
    <p class='ocr_par' dir='ltr' id='par_1_70' title="bbox 140 5146 1728 5218">
     <span class='ocr_line' id='line_1_70' title="bbox 140 5146 1728 5218; baseline 0.001 -20"><span class='ocrx_word' id='word_1_537' title='bbox 140 5147 370 5202; x_wconf 78' lang='lat' dir='ltr'><strong>cundum</strong></span> <span class='ocrx_word' id='word_1_538' title='bbox 422 5146 680 5217; x_wconf 85' lang='lat' dir='ltr'><strong>impetum</strong></span> <span class='ocrx_word' id='word_1_539' title='bbox 721 5148 1018 5203; x_wconf 83' lang='lat' dir='ltr'><strong>affectionis</strong></span> <span class='ocrx_word' id='word_1_540' title='bbox 1060 5161 1158 5218; x_wconf 88' lang='lat' dir='ltr'><strong>per</strong></span> <span class='ocrx_word' id='word_1_541' title='bbox 1201 5146 1407 5201; x_wconf 91' lang='lat' dir='ltr'><strong>diversa</strong></span> <span class='ocrx_word' id='word_1_542' title='bbox 1448 5154 1728 5215; x_wconf 88' lang='lat' dir='ltr'><strong>raptatur:</strong></span> 
     </span>
    </p>
   </div>
   <div class='ocr_carea' id='block_1_71' title="bbox 130 5218 1732 5287">
    <p class='ocr_par' dir='ltr' id='par_1_71' title="bbox 130 5218 1732 5287">
     <span class='ocr_line' id='line_1_71' title="bbox 130 5218 1732 5287; baseline 0.002 -18"><span class='ocrx_word' id='word_1_543' title='bbox 130 5222 244 5271; x_wconf 70' lang='lat' dir='ltr'><strong>non</strong></span> <span class='ocrx_word' id='word_1_544' title='bbox 290 5220 510 5274; x_wconf 88' lang='lat' dir='ltr'><strong>modum</strong></span> <span class='ocrx_word' id='word_1_545' title='bbox 559 5234 798 5281; x_wconf 82' lang='lat' dir='ltr'><strong>servans,</strong></span> <span class='ocrx_word' id='word_1_546' title='bbox 846 5233 952 5273; x_wconf 91' lang='lat' dir='ltr'><strong>non</strong></span> <span class='ocrx_word' id='word_1_547' title='bbox 999 5218 1222 5273; x_wconf 87' lang='lat' dir='ltr'><strong>honesta</strong></span> <span class='ocrx_word' id='word_1_548' title='bbox 1264 5232 1580 5287; x_wconf 87' lang='lat' dir='ltr'><strong>procurans,</strong></span> <span class='ocrx_word' id='word_1_549' title='bbox 1624 5232 1732 5273; x_wconf 89' lang='lat' dir='ltr'><strong>non</strong></span> 
     </span>
    </p>
   </div>
   <div class='ocr_carea' id='block_1_72' title="bbox 128 5288 1731 5361">
    <p class='ocr_par' dir='ltr' id='par_1_72' title="bbox 128 5288 1731 5361">
     <span class='ocr_line' id='line_1_72' title="bbox 128 5288 1731 5361; baseline -0.001 -17"><span class='ocrx_word' id='word_1_550' title='bbox 128 5291 421 5361; x_wconf 56' lang='lat' dir='ltr'><strong>sommoda</strong></span> <span class='ocrx_word' id='word_1_551' title='bbox 464 5291 869 5345; x_wconf 86' lang='lat' dir='ltr'><strong>incommodave</strong></span> <span class='ocrx_word' id='word_1_552' title='bbox 896 5290 1267 5361; x_wconf 76' lang='lat' dir='ltr'><strong>§prospiciens;</strong></span> <span class='ocrx_word' id='word_1_553' title='bbox 1307 5288 1401 5361; x_wconf 84' lang='lat' dir='ltr'><strong>sed</strong></span> <span class='ocrx_word' id='word_1_554' title='bbox 1447 5288 1513 5342; x_wconf 91' lang='lat' dir='ltr'><strong>ad</strong></span> <span class='ocrx_word' id='word_1_555' title='bbox 1550 5288 1731 5343; x_wconf 86' lang='lat' dir='ltr'><strong>omnia</strong></span> 
     </span>
    </p>
   </div>
   <div class='ocr_carea' id='block_1_73' title="bbox 142 5358 1733 5428">
    <p class='ocr_par' dir='ltr' id='par_1_73' title="bbox 142 5358 1733 5428">
     <span class='ocr_line' id='line_1_73' title="bbox 142 5358 1733 5428; baseline -0.004 -9"><span class='ocrx_word' id='word_1_556' title='bbox 142 5358 552 5427; x_wconf 65' lang='lat' dir='ltr'><strong>Wderate,</strong></span> <span class='ocrx_word' id='word_1_557' title='bbox 584 5358 1109 5427; x_wconf 52' lang='lat' dir='ltr'><strong>indiscrete,&#39;leviter</strong></span> <span class='ocrx_word' id='word_1_558' title='bbox 1134 5358 1587 5428; x_wconf 88' lang='lat' dir='ltr'><strong>immoderateque</strong></span> <span class='ocrx_word' id='word_1_559' title='bbox 1606 5373 1733 5428; x_wconf 90' lang='lat' dir='ltr'><strong>pro-</strong></span> 
     </span>
    </p>
   </div>
   <div class='ocr_carea' id='block_1_74' title="bbox 164 5430 1729 5503">
    <p class='ocr_par' dir='ltr' id='par_1_74' title="bbox 164 5430 1729 5503">
     <span class='ocr_line' id='line_1_74' title="bbox 164 5430 1729 5503; baseline -0.006 -9"><span class='ocrx_word' id='word_1_560' title='bbox 164 5430 408 5494; x_wconf 64' lang='lat' dir='ltr'><strong>Fediens.</strong></span> <span class='ocrx_word' id='word_1_561' title='bbox 456 5433 663 5491; x_wconf 82' lang='lat' dir='ltr'><strong>idcirco</strong></span> <span class='ocrx_word' id='word_1_562' title='bbox 703 5432 897 5503; x_wconf 87' lang='lat' dir='ltr'><strong>quibus</strong></span> <span class='ocrx_word' id='word_1_563' title='bbox 942 5432 1136 5503; x_wconf 83' lang='lat' dir='ltr'><strong>agitata</strong></span> <span class='ocrx_word' id='word_1_564' title='bbox 1180 5431 1332 5487; x_wconf 87' lang='lat' dir='ltr'><strong>furiis</strong></span> <span class='ocrx_word' id='word_1_565' title='bbox 1376 5444 1408 5484; x_wconf 87' lang='lat' dir='ltr'><strong>a</strong></span> <span class='ocrx_word' id='word_1_566' title='bbox 1445 5430 1729 5501; x_wconf 85' lang='lat' dir='ltr'><strong>semetipsa</strong></span> 
     </span>
    </p>
   </div>
   <div class='ocr_carea' id='block_1_75' title="bbox 3341 211 3439 270">
    <p class='ocr_par' dir='ltr' id='par_1_75' title="bbox 3341 211 3439 270">
     <span class='ocr_line' id='line_1_75' title="bbox 3341 211 3439 270; baseline 0.051 -5"><span class='ocrx_word' id='word_1_567' title='bbox 3341 211 3439 270; x_wconf 70' lang='grc'><strong>854</strong></span> 
     </span>
    </p>
   </div>
   <div class='ocr_carea' id='block_1_76' title="bbox 1845 315 3431 398">
    <p class='ocr_par' dir='ltr' id='par_1_76' title="bbox 1845 315 3431 398">
     <span class='ocr_line' id='line_1_76' title="bbox 1845 315 3431 398; baseline 0.015 -30"><span class='ocrx_word' id='word_1_568' title='bbox 1845 315 2207 398; x_wconf 65' lang='lat' dir='ltr'><strong>consumitur,</strong></span> <span class='ocrx_word' id='word_1_569' title='bbox 2228 316 2414 373; x_wconf 88' lang='lat' dir='ltr'><strong>eadem</strong></span> <span class='ocrx_word' id='word_1_570' title='bbox 2442 317 2660 398; x_wconf 72' lang='lat' dir='ltr'><strong>levitate</strong></span> <span class='ocrx_word' id='word_1_571' title='bbox 2689 323 2990 390; x_wconf 87' lang='lat' dir='ltr'><strong>resolvitur,</strong></span> <span class='ocrx_word' id='word_1_572' title='bbox 3031 342 3133 398; x_wconf 91' lang='lat' dir='ltr'><strong>qua</strong></span> <span class='ocrx_word' id='word_1_573' title='bbox 3159 335 3431 391; x_wconf 88' lang='lat' dir='ltr'><strong>contrahi-</strong></span> 
     </span>
    </p>
   </div>
   <div class='ocr_carea' id='block_1_77' title="bbox 1844 387 3428 465">
    <p class='ocr_par' dir='ltr' id='par_1_77' title="bbox 1844 387 3428 465">
     <span class='ocr_line' id='line_1_77' title="bbox 1844 387 3428 465; baseline 0.015 -25"><span class='ocrx_word' id='word_1_574' title='bbox 1844 394 1952 441; x_wconf 91' lang='lat' dir='ltr'><strong>tur.</strong></span> <span class='ocrx_word' id='word_1_575' title='bbox 1999 387 2243 465; x_wconf 82' lang='lat' dir='ltr'><strong>Amicitia</strong></span> <span class='ocrx_word' id='word_1_576' title='bbox 2297 388 2598 465; x_wconf 80' lang='lat' dir='ltr'><strong>mundialis,</strong></span> <span class='ocrx_word' id='word_1_577' title='bbox 2641 409 2760 465; x_wconf 78' lang='lat' dir='ltr'><strong>qua:</strong></span> <span class='ocrx_word' id='word_1_578' title='bbox 2810 387 2990 453; x_wconf 87' lang='lat' dir='ltr'><strong>rerum</strong></span> <span class='ocrx_word' id='word_1_579' title='bbox 3034 387 3116 453; x_wconf 71' lang='lat' dir='ltr'><strong>vel</strong></span> <span class='ocrx_word' id='word_1_580' title='bbox 3171 387 3428 464; x_wconf 72' lang='lat' dir='ltr'><strong>bonorum</strong></span> 
     </span>
    </p>
   </div>
   <div class='ocr_carea' id='block_1_78' title="bbox 1845 459 3431 545">
    <p class='ocr_par' dir='ltr' id='par_1_78' title="bbox 1845 459 3431 545">
     <span class='ocr_line' id='line_1_78' title="bbox 1845 459 3431 545; baseline 0.015 -35"><span class='ocrx_word' id='word_1_581' title='bbox 1845 459 2217 545; x_wconf 57' lang='lat' dir='ltr'><strong>iemporalium</strong></span> <span class='ocrx_word' id='word_1_582' title='bbox 2262 461 2512 545; x_wconf 70' lang='lat' dir='ltr'><strong>cupidine</strong></span> <span class='ocrx_word' id='word_1_583' title='bbox 2544 459 2856 545; x_wconf 62' lang='lat' dir='ltr'><strong>parturitur,</strong></span> <span class='ocrx_word' id='word_1_584' title='bbox 2905 484 3115 542; x_wconf 89' lang='lat' dir='ltr'><strong>semper</strong></span> <span class='ocrx_word' id='word_1_585' title='bbox 3147 484 3229 528; x_wconf 88' lang='lat' dir='ltr'><strong>est</strong></span> <span class='ocrx_word' id='word_1_586' title='bbox 3276 459 3431 545; x_wconf 62' lang='lat' dir='ltr'><strong>plena</strong></span> 
     </span>
    </p>
   </div>
   <div class='ocr_carea' id='block_1_79' title="bbox 1842 528 3430 609">
    <p class='ocr_par' dir='ltr' id='par_1_79' title="bbox 1842 528 3430 609">
     <span class='ocr_line' id='line_1_79' title="bbox 1842 528 3430 609; baseline 0.014 -27"><span class='ocrx_word' id='word_1_587' title='bbox 1842 528 2041 584; x_wconf 82' lang='lat' dir='ltr'><strong>fraudis</strong></span> <span class='ocrx_word' id='word_1_588' title='bbox 2071 539 2231 609; x_wconf 64' lang='lat' dir='ltr'><strong>atque</strong></span> <span class='ocrx_word' id='word_1_589' title='bbox 2261 530 2517 599; x_wconf 64' lang='lat' dir='ltr'><strong>fallacice;</strong></span> <span class='ocrx_word' id='word_1_590' title='bbox 2544 528 2681 591; x_wconf 72' lang='lat' dir='ltr'><strong>itihil</strong></span> <span class='ocrx_word' id='word_1_591' title='bbox 2707 537 2758 591; x_wconf 91' lang='lat' dir='ltr'><strong>in</strong></span> <span class='ocrx_word' id='word_1_592' title='bbox 2785 528 2851 593; x_wconf 78' lang='lat' dir='ltr'><strong>ea</strong></span> <span class='ocrx_word' id='word_1_593' title='bbox 2882 528 3107 609; x_wconf 68' lang='lat' dir='ltr'><strong>certum,</strong></span> <span class='ocrx_word' id='word_1_594' title='bbox 3140 528 3430 606; x_wconf 56' lang='lat' dir='ltr'><strong>nihilrcou:</strong></span> 
     </span>
    </p>
   </div>
   <div class='ocr_carea' id='block_1_80' title="bbox 1842 601 3427 689">
    <p class='ocr_par' dir='ltr' id='par_1_80' title="bbox 1842 601 3427 689">
     <span class='ocr_line' id='line_1_80' title="bbox 1842 601 3427 689; baseline 0.015 -35"><span class='ocrx_word' id='word_1_595' title='bbox 1842 610 2013 689; x_wconf 71' lang='lat' dir='ltr'><strong>sians,</strong></span> <span class='ocrx_word' id='word_1_596' title='bbox 2057 601 2188 689; x_wconf 81' lang='lat' dir='ltr'><strong>nihil</strong></span> <span class='ocrx_word' id='word_1_597' title='bbox 2217 617 2465 687; x_wconf 81' lang='lat' dir='ltr'><strong>securum</strong></span> <span class='ocrx_word' id='word_1_598' title='bbox 2493 623 2506 656; x_wconf 89' lang='lat'><strong>:</strong></span> <span class='ocrx_word' id='word_1_599' title='bbox 2540 621 2753 689; x_wconf 73' lang='lat' dir='ltr'><strong>semper</strong></span> <span class='ocrx_word' id='word_1_600' title='bbox 2790 625 2910 689; x_wconf 71' lang='lat' dir='ltr'><strong>eum</strong></span> <span class='ocrx_word' id='word_1_601' title='bbox 2937 601 3154 689; x_wconf 79' lang='lat' dir='ltr'><strong>fortuna</strong></span> <span class='ocrx_word' id='word_1_602' title='bbox 3175 601 3427 689; x_wconf 68' lang='lat' dir='ltr'><strong>mutatur,</strong></span> 
     </span>
    </p>
   </div>
   <div class='ocr_carea' id='block_1_81' title="bbox 1841 673 3423 746">
    <p class='ocr_par' dir='ltr' id='par_1_81' title="bbox 1841 673 3423 746">
     <span class='ocr_line' id='line_1_81' title="bbox 1841 673 3423 746; baseline 0.013 -21"><span class='ocrx_word' id='word_1_603' title='bbox 1841 680 1897 726; x_wconf 89' lang='lat' dir='ltr'><strong>et</strong></span> <span class='ocrx_word' id='word_1_604' title='bbox 1933 673 2179 746; x_wconf 81' lang='lat' dir='ltr'><strong>sequitur</strong></span> <span class='ocrx_word' id='word_1_605' title='bbox 2222 676 2567 746; x_wconf 91' lang='lat' dir='ltr'><strong>marsupium.</strong></span> <span class='ocrx_word' id='word_1_606' title='bbox 2622 673 2773 733; x_wconf 90' lang='lat' dir='ltr'><strong>Unde</strong></span> <span class='ocrx_word' id='word_1_607' title='bbox 2828 680 3076 738; x_wconf 90' lang='lat' dir='ltr'><strong>Salomon</strong></span> <span class='ocrx_word' id='word_1_608' title='bbox 3125 687 3293 743; x_wconf 88' lang='lat' dir='ltr'><strong>dicit:</strong></span> <span class='ocrx_word' id='word_1_609' title='bbox 3327 673 3423 746; x_wconf 62' lang='lat' dir='ltr'><strong>Eii</strong></span> 
     </span>
    </p>
   </div>
   <div class='ocr_carea' id='block_1_82' title="bbox 1840 743 3430 832">
    <p class='ocr_par' dir='ltr' id='par_1_82' title="bbox 1840 743 3430 832">
     <span class='ocr_line' id='line_1_82' title="bbox 1840 743 3430 832; baseline 0.016 -39"><span class='ocrx_word' id='word_1_610' title='bbox 1840 743 2332 832; x_wconf 39' lang='lat' dir='ltr'><strong>aniticusaecuudugt</strong></span> <span class='ocrx_word' id='word_1_611' title='bbox 2356 743 2649 832; x_wconf 54' lang='lat' dir='ltr'><strong>tempus,net</strong></span> <span class='ocrx_word' id='word_1_612' title='bbox 2670 754 3097 832; x_wconf 56' lang='lat' dir='ltr'><strong>ugnpermanebit</strong></span> <span class='ocrx_word' id='word_1_613' title='bbox 3125 759 3177 811; x_wconf 89' lang='lat' dir='ltr'><strong>in</strong></span> <span class='ocrx_word' id='word_1_614' title='bbox 3208 743 3430 832; x_wconf 70' lang='lat' dir='ltr'><strong>tempore</strong></span> 
     </span>
    </p>
   </div>
   <div class='ocr_carea' id='block_1_83' title="bbox 1842 813 3428 898">
    <p class='ocr_par' dir='ltr' id='par_1_83' title="bbox 1842 813 3428 898">
     <span class='ocr_line' id='line_1_83' title="bbox 1842 813 3428 898; baseline 0.016 -33"><span class='ocrx_word' id='word_1_615' title='bbox 1842 813 2179 898; x_wconf 59' lang='lat' dir='ltr'><strong>tribulationis</strong></span> <span class='ocrx_word' id='word_1_616' title='bbox 2266 816 2425 871; x_wconf 87' lang='lat' dir='ltr'><strong>Eccli.</strong></span> <span class='ocrx_word' id='word_1_617' title='bbox 2457 813 2540 898; x_wconf 72' lang='lat' dir='ltr'><strong>vi,</strong></span> <span class='ocrx_word' id='word_1_618' title='bbox 2570 818 2649 891; x_wconf 90' lang='lat'><strong>8).</strong></span> <span class='ocrx_word' id='word_1_619' title='bbox 2677 813 2846 898; x_wconf 84' lang='lat' dir='ltr'><strong>_&#39;_l‘o|_le</strong></span> <span class='ocrx_word' id='word_1_620' title='bbox 2886 839 3033 898; x_wconf 82' lang='lat' dir='ltr'><strong>spem</strong></span> <span class='ocrx_word' id='word_1_621' title='bbox 3069 813 3428 898; x_wconf 28' lang='lat' dir='ltr'><strong>quiestusfiel</strong></span> 
     </span>
    </p>
   </div>
   <div class='ocr_carea' id='block_1_84' title="bbox 1840 885 3108 962">
    <p class='ocr_par' dir='ltr' id='par_1_84' title="bbox 1840 885 3108 962">
     <span class='ocr_line' id='line_1_84' title="bbox 1840 885 3108 962; baseline 0.009 -24"><span class='ocrx_word' id='word_1_622' title='bbox 1840 885 2020 940; x_wconf 86' lang='lat' dir='ltr'><strong>statim</strong></span> <span class='ocrx_word' id='word_1_623' title='bbox 2040 885 2249 942; x_wconf 90' lang='lat' dir='ltr'><strong>desinet</strong></span> <span class='ocrx_word' id='word_1_624' title='bbox 2276 901 2394 943; x_wconf 89' lang='lat' dir='ltr'><strong>esse</strong></span> <span class='ocrx_word' id='word_1_625' title='bbox 2420 885 2643 945; x_wconf 82' lang='lat' dir='ltr'><strong>amicus.</strong></span> <span class='ocrx_word' id='word_1_626' title='bbox 2677 890 2831 948; x_wconf 89' lang='lat' dir='ltr'><strong>Unde</strong></span> <span class='ocrx_word' id='word_1_627' title='bbox 2851 885 3065 962; x_wconf 76' lang='lat' dir='ltr'><strong>quidam</strong></span> <span class='ocrx_word' id='word_1_628' title='bbox 3087 885 3108 951; x_wconf 74' lang='grc' dir='ltr'>Ξ</span> 
     </span>
    </p>
   </div>
   <div class='ocr_carea' id='block_1_85' title="bbox 1962 1005 3114 1069">
    <p class='ocr_par' dir='ltr' id='par_1_85' title="bbox 1962 1005 3114 1069">
     <span class='ocr_line' id='line_1_85' title="bbox 1962 1005 3114 1069; baseline 0.01 -19"><span class='ocrx_word' id='word_1_629' title='bbox 1962 1006 2063 1050; x_wconf 78' lang='lat' dir='ltr'><strong>Non</strong></span> <span class='ocrx_word' id='word_1_630' title='bbox 2087 1007 2430 1069; x_wconf 72' lang='lat' dir='ltr'><strong>estpersonaa,</strong></span> <span class='ocrx_word' id='word_1_631' title='bbox 2458 1005 2547 1055; x_wconf 90' lang='lat' dir='ltr'><strong>sed</strong></span> <span class='ocrx_word' id='word_1_632' title='bbox 2572 1009 2906 1069; x_wconf 86' lang='lat' dir='ltr'><strong>prosperitatis</strong></span> <span class='ocrx_word' id='word_1_633' title='bbox 2928 1011 3114 1062; x_wconf 90' lang='lat' dir='ltr'><strong>amicus</strong></span> 
     </span>
    </p>
   </div>
   <div class='ocr_carea' id='block_1_86' title="bbox 2022 1064 3132 1136">
    <p class='ocr_par' dir='ltr' id='par_1_86' title="bbox 2022 1064 3132 1136">
     <span class='ocr_line' id='line_1_86' title="bbox 2022 1064 3132 1136; baseline 0.01 -24"><span class='ocrx_word' id='word_1_634' title='bbox 2022 1064 2387 1123; x_wconf 42' lang='lat' dir='ltr'><strong>Quem’fortuna</strong></span> <span class='ocrx_word' id='word_1_635' title='bbox 2408 1064 2549 1119; x_wconf 90' lang='lat' dir='ltr'><strong>tenet</strong></span> <span class='ocrx_word' id='word_1_636' title='bbox 2568 1064 2751 1130; x_wconf 81' lang='lat' dir='ltr'><strong>dulcis,</strong></span> <span class='ocrx_word' id='word_1_637' title='bbox 2777 1072 2953 1121; x_wconf 87' lang='lat' dir='ltr'><strong>acerba</strong></span> <span class='ocrx_word' id='word_1_638' title='bbox 2976 1071 3132 1136; x_wconf 84' lang='lat' dir='ltr'><strong>fugat.</strong></span> 
     </span>
    </p>
   </div>
   <div class='ocr_carea' id='block_1_87' title="bbox 1910 1170 3424 1247">
    <p class='ocr_par' dir='ltr' id='par_1_87' title="bbox 1910 1170 3424 1247">
     <span class='ocr_line' id='line_1_87' title="bbox 1910 1170 3424 1247; baseline 0.009 -23"><span class='ocrx_word' id='word_1_639' title='bbox 1910 1170 2158 1247; x_wconf 52' lang='lat' dir='ltr'><strong>Amicitia</strong></span> <span class='ocrx_word' id='word_1_640' title='bbox 2202 1173 2522 1247; x_wconf 87' lang='lat' dir='ltr'><strong>_spiritualis,</strong></span> <span class='ocrx_word' id='word_1_641' title='bbox 2576 1192 2734 1247; x_wconf 89' lang='lat' dir='ltr'><strong>quam</strong></span> <span class='ocrx_word' id='word_1_642' title='bbox 2783 1193 2964 1233; x_wconf 86' lang='lat' dir='ltr'><strong>veram</strong></span> <span class='ocrx_word' id='word_1_643' title='bbox 3016 1179 3266 1247; x_wconf 90' lang='lat' dir='ltr'><strong>dicimus,</strong></span> <span class='ocrx_word' id='word_1_644' title='bbox 3321 1199 3424 1238; x_wconf 90' lang='lat' dir='ltr'><strong>non</strong></span> 
     </span>
    </p>
   </div>
   <div class='ocr_carea' id='block_1_88' title="bbox 1838 1241 3426 1322">
    <p class='ocr_par' dir='ltr' id='par_1_88' title="bbox 1838 1241 3426 1322">
     <span class='ocr_line' id='line_1_88' title="bbox 1838 1241 3426 1322; baseline 0.009 -27"><span class='ocrx_word' id='word_1_645' title='bbox 1838 1241 2078 1322; x_wconf 89' lang='lat' dir='ltr'><strong>utilitatis</strong></span> <span class='ocrx_word' id='word_1_646' title='bbox 2130 1241 2386 1316; x_wconf 81' lang='lat' dir='ltr'><strong>cujusque</strong></span> <span class='ocrx_word' id='word_1_647' title='bbox 2439 1241 2723 1322; x_wconf 80' lang='lat' dir='ltr'><strong>mundialis</strong></span> <span class='ocrx_word' id='word_1_648' title='bbox 2772 1249 2983 1322; x_wconf 86' lang='lat' dir='ltr'><strong>intuitu,</strong></span> <span class='ocrx_word' id='word_1_649' title='bbox 3035 1266 3139 1304; x_wconf 90' lang='lat' dir='ltr'><strong>non</strong></span> <span class='ocrx_word' id='word_1_650' title='bbox 3191 1241 3426 1322; x_wconf 81' lang='lat' dir='ltr'><strong>qualibet</strong></span> 
     </span>
    </p>
   </div>
   <div class='ocr_carea' id='block_1_89' title="bbox 1839 1319 3429 1393">
    <p class='ocr_par' dir='ltr' id='par_1_89' title="bbox 1839 1319 3429 1393">
     <span class='ocr_line' id='line_1_89' title="bbox 1839 1319 3429 1393; baseline 0.008 -27"><span class='ocrx_word' id='word_1_651' title='bbox 1839 1321 2001 1393; x_wconf 87' lang='lat' dir='ltr'><strong>extra</strong></span> <span class='ocrx_word' id='word_1_652' title='bbox 2029 1324 2280 1393; x_wconf 81' lang='lat' dir='ltr'><strong>nascente</strong></span> <span class='ocrx_word' id='word_1_653' title='bbox 2309 1332 2487 1393; x_wconf 80' lang='lat' dir='ltr'><strong>causa,</strong></span> <span class='ocrx_word' id='word_1_654' title='bbox 2523 1319 2616 1393; x_wconf 82' lang='lat' dir='ltr'><strong>sed</strong></span> <span class='ocrx_word' id='word_1_655' title='bbox 2657 1336 2720 1372; x_wconf 83' lang='lat' dir='ltr'><strong>ex</strong></span> <span class='ocrx_word' id='word_1_656' title='bbox 2748 1321 2985 1393; x_wconf 80' lang='lat' dir='ltr'><strong>propria:</strong></span> <span class='ocrx_word' id='word_1_657' title='bbox 3022 1319 3226 1376; x_wconf 62' lang='lat' dir='ltr'><strong>natura}</strong></span> <span class='ocrx_word' id='word_1_658' title='bbox 3256 1325 3429 1393; x_wconf 88' lang='lat' dir='ltr'><strong>digni-</strong></span> 
     </span>
    </p>
   </div>
   <div class='ocr_carea' id='block_1_90' title="bbox 1838 1386 3431 1457">
    <p class='ocr_par' dir='ltr' id='par_1_90' title="bbox 1838 1386 3431 1457">
     <span class='ocr_line' id='line_1_90' title="bbox 1838 1386 3431 1457; baseline 0.008 -20"><span class='ocrx_word' id='word_1_659' title='bbox 1838 1392 1966 1457; x_wconf 75' lang='lat' dir='ltr'><strong>tate,</strong></span> <span class='ocrx_word' id='word_1_660' title='bbox 2010 1393 2064 1439; x_wconf 91' lang='lat' dir='ltr'><strong>et</strong></span> <span class='ocrx_word' id='word_1_661' title='bbox 2107 1386 2322 1441; x_wconf 87' lang='lat' dir='ltr'><strong>humani</strong></span> <span class='ocrx_word' id='word_1_662' title='bbox 2364 1390 2595 1456; x_wconf 88' lang='lat' dir='ltr'><strong>pectoris</strong></span> <span class='ocrx_word' id='word_1_663' title='bbox 2637 1386 2798 1445; x_wconf 76' lang='lat' dir='ltr'><strong>sensu</strong></span> <span class='ocrx_word' id='word_1_664' title='bbox 2840 1386 3206 1457; x_wconf 79' lang='lat' dir='ltr'><strong>desidemtur;</strong></span> <span class='ocrx_word' id='word_1_665' title='bbox 3259 1386 3339 1448; x_wconf 73' lang='lat' dir='ltr'><strong>ita</strong></span> <span class='ocrx_word' id='word_1_666' title='bbox 3374 1405 3431 1450; x_wconf 91' lang='lat' dir='ltr'><strong>ut</strong></span> 
     </span>
    </p>
   </div>
   <div class='ocr_carea' id='block_1_91' title="bbox 1838 1453 3425 1536">
    <p class='ocr_par' dir='ltr' id='par_1_91' title="bbox 1838 1453 3425 1536">
     <span class='ocr_line' id='line_1_91' title="bbox 1838 1453 3425 1536; baseline 0.008 -28"><span class='ocrx_word' id='word_1_667' title='bbox 1838 1453 2185 1536; x_wconf 33' lang='lat' dir='ltr'><strong>[ructusmejus‘</strong></span> <span class='ocrx_word' id='word_1_668' title='bbox 2232 1453 2618 1536; x_wconf 59' lang='lat' dir='ltr'><strong>praemiumque</strong></span> <span class='ocrx_word' id='word_1_669' title='bbox 2647 1463 2884 1536; x_wconf 80' lang='lat' dir='ltr'><strong>_r_ton_sit</strong></span> <span class='ocrx_word' id='word_1_670' title='bbox 2922 1464 3063 1536; x_wconf 85' lang='lat' dir='ltr'><strong>aliud</strong></span> <span class='ocrx_word' id='word_1_671' title='bbox 3091 1453 3248 1535; x_wconf 85' lang='lat' dir='ltr'><strong>quam</strong></span> <span class='ocrx_word' id='word_1_672' title='bbox 3293 1467 3425 1536; x_wconf 86' lang='lat' dir='ltr'><strong>ipsa.</strong></span> 
     </span>
    </p>
   </div>
   <div class='ocr_carea' id='block_1_92' title="bbox 1835 1524 3424 1605">
    <p class='ocr_par' dir='ltr' id='par_1_92' title="bbox 1835 1524 3424 1605">
     <span class='ocr_line' id='line_1_92' title="bbox 1835 1524 3424 1605; baseline 0.006 -24"><span class='ocrx_word' id='word_1_673' title='bbox 1835 1524 1992 1605; x_wconf 79' lang='lat' dir='ltr'><strong>Unde</strong></span> <span class='ocrx_word' id='word_1_674' title='bbox 2034 1524 2288 1605; x_wconf 79' lang='lat' dir='ltr'><strong>Dominus</strong></span> <span class='ocrx_word' id='word_1_675' title='bbox 2330 1530 2383 1583; x_wconf 92' lang='lat' dir='ltr'><strong>in</strong></span> <span class='ocrx_word' id='word_1_676' title='bbox 2417 1524 2736 1605; x_wconf 53' lang='lat' dir='ltr'><strong>Eva&#39;ngelio.</strong></span> <span class='ocrx_word' id='word_1_677' title='bbox 2769 1529 2931 1586; x_wconf 83' lang='lat' dir='ltr'><strong>Posui</strong></span> <span class='ocrx_word' id='word_1_678' title='bbox 2976 1552 3083 1605; x_wconf 83' lang='lat' dir='ltr'><strong>vos,</strong></span> <span class='ocrx_word' id='word_1_679' title='bbox 3109 1524 3326 1605; x_wconf 57' lang='lat' dir='ltr'><strong>&#39;inquit:</strong></span> <span class='ocrx_word' id='word_1_680' title='bbox 3367 1546 3424 1591; x_wconf 87' lang='lat' dir='ltr'><strong>ut</strong></span> 
     </span>
    </p>
   </div>
   <div class='ocr_carea' id='block_1_93' title="bbox 1837 1597 3425 1675">
    <p class='ocr_par' dir='ltr' id='par_1_93' title="bbox 1837 1597 3425 1675">
     <span class='ocr_line' id='line_1_93' title="bbox 1837 1597 3425 1675; baseline 0.008 -26"><span class='ocrx_word' id='word_1_681' title='bbox 1837 1597 1981 1675; x_wconf 72' lang='lat' dir='ltr'><strong>eatis,</strong></span> <span class='ocrx_word' id='word_1_682' title='bbox 2030 1607 2078 1651; x_wconf 84' lang='lat' dir='ltr'><strong>et</strong></span> <span class='ocrx_word' id='word_1_683' title='bbox 2103 1602 2327 1675; x_wconf 73' lang='lat' dir='ltr'><strong>[ructant</strong></span> <span class='ocrx_word' id='word_1_684' title='bbox 2369 1597 2603 1675; x_wconf 70' lang='lat' dir='ltr'><strong>offeratis</strong></span> <span class='ocrx_word' id='word_1_685' title='bbox 2636 1601 2813 1673; x_wconf 85' lang='lat' dir='ltr'><strong>(Joan.</strong></span> <span class='ocrx_word' id='word_1_686' title='bbox 2845 1619 2937 1667; x_wconf 85' lang='lat' dir='ltr'><strong>xv,</strong></span> <span class='ocrx_word' id='word_1_687' title='bbox 2966 1597 3091 1675; x_wconf 74' lang='lat'><strong>16);</strong></span> <span class='ocrx_word' id='word_1_688' title='bbox 3142 1597 3334 1671; x_wconf 45' lang='lat' dir='ltr'><strong>iii-est,</strong></span> <span class='ocrx_word' id='word_1_689' title='bbox 3368 1617 3425 1662; x_wconf 91' lang='lat' dir='ltr'><strong>ut</strong></span> 
     </span>
    </p>
   </div>
   <div class='ocr_carea' id='block_1_94' title="bbox 1835 1667 3425 1743">
    <p class='ocr_par' dir='ltr' id='par_1_94' title="bbox 1835 1667 3425 1743">
     <span class='ocr_line' id='line_1_94' title="bbox 1835 1667 3425 1743; baseline 0.007 -22"><span class='ocrx_word' id='word_1_690' title='bbox 1835 1667 2063 1743; x_wconf 73' lang='lat' dir='ltr'><strong>invicem</strong></span> <span class='ocrx_word' id='word_1_691' title='bbox 2094 1667 2343 1743; x_wconf 72' lang='lat' dir='ltr'><strong>diligatis.</strong></span> <span class='ocrx_word' id='word_1_692' title='bbox 2389 1672 2445 1725; x_wconf 89' lang='lat' dir='ltr'><strong>lu</strong></span> <span class='ocrx_word' id='word_1_693' title='bbox 2485 1672 2596 1740; x_wconf 89' lang='lat' dir='ltr'><strong>ipsa</strong></span> <span class='ocrx_word' id='word_1_694' title='bbox 2626 1667 2853 1743; x_wconf 82' lang='lat' dir='ltr'><strong>namque</strong></span> <span class='ocrx_word' id='word_1_695' title='bbox 2880 1690 3001 1728; x_wconf 86' lang='lat' dir='ltr'><strong>vera</strong></span> <span class='ocrx_word' id='word_1_696' title='bbox 3035 1667 3276 1730; x_wconf 79' lang='lat' dir='ltr'><strong>amicitia</strong></span> <span class='ocrx_word' id='word_1_697' title='bbox 3318 1667 3425 1732; x_wconf 87' lang='lat' dir='ltr'><strong>itur</strong></span> 
     </span>
    </p>
   </div>
   <div class='ocr_carea' id='block_1_95' title="bbox 1838 1738 3427 1813">
    <p class='ocr_par' dir='ltr' id='par_1_95' title="bbox 1838 1738 3427 1813">
     <span class='ocr_line' id='line_1_95' title="bbox 1838 1738 3427 1813; baseline 0.006 -21"><span class='ocrx_word' id='word_1_698' title='bbox 1838 1738 2271 1813; x_wconf 27' lang='lat' dir='ltr'><strong>proﬁciendo,’et</strong></span> <span class='ocrx_word' id='word_1_699' title='bbox 2298 1738 2735 1813; x_wconf 26' lang='lat' dir='ltr'><strong>fructtts‘capitur</strong></span> <span class='ocrx_word' id='word_1_700' title='bbox 2759 1738 3097 1813; x_wconf 76' lang='lat' dir='ltr'><strong>perfectionis</strong></span> <span class='ocrx_word' id='word_1_701' title='bbox 3136 1747 3275 1800; x_wconf 91' lang='lat' dir='ltr'><strong>illius</strong></span> <span class='ocrx_word' id='word_1_702' title='bbox 3305 1747 3427 1802; x_wconf 88' lang='lat' dir='ltr'><strong>dul-</strong></span> 
     </span>
    </p>
   </div>
   <div class='ocr_carea' id='block_1_96' title="bbox 1835 1809 3433 1887">
    <p class='ocr_par' dir='ltr' id='par_1_96' title="bbox 1835 1809 3433 1887">
     <span class='ocr_line' id='line_1_96' title="bbox 1835 1809 3433 1887; baseline 0.006 -24"><span class='ocrx_word' id='word_1_703' title='bbox 1835 1809 2080 1865; x_wconf 90' lang='lat' dir='ltr'><strong>cedinem</strong></span> <span class='ocrx_word' id='word_1_704' title='bbox 2120 1811 2420 1887; x_wconf 83' lang='lat' dir='ltr'><strong>sentiendo.</strong></span> <span class='ocrx_word' id='word_1_705' title='bbox 2452 1809 2611 1887; x_wconf 30' lang='lat' dir='ltr'><strong>Verai</strong></span> <span class='ocrx_word' id='word_1_706' title='bbox 2631 1809 2864 1887; x_wconf 85' lang='lat' dir='ltr'><strong>charitas</strong></span> <span class='ocrx_word' id='word_1_707' title='bbox 2891 1817 3122 1871; x_wconf 89' lang='lat' dir='ltr'><strong>amicitia</strong></span> <span class='ocrx_word' id='word_1_708' title='bbox 3153 1833 3433 1887; x_wconf 77' lang='lat' dir='ltr'><strong>nuncupa-</strong></span> 
     </span>
    </p>
   </div>
   <div class='ocr_carea' id='block_1_97' title="bbox 1836 1884 3420 1945">
    <p class='ocr_par' dir='ltr' id='par_1_97' title="bbox 1836 1884 3420 1945">
     <span class='ocr_line' id='line_1_97' title="bbox 1836 1884 3420 1945; baseline 0.006 -11"><span class='ocrx_word' id='word_1_709' title='bbox 1836 1892 1941 1943; x_wconf 90' lang='lat' dir='ltr'><strong>tur,</strong></span> <span class='ocrx_word' id='word_1_710' title='bbox 1990 1890 2049 1936; x_wconf 88' lang='lat' dir='ltr'><strong>ut</strong></span> <span class='ocrx_word' id='word_1_711' title='bbox 2086 1898 2245 1937; x_wconf 89' lang='lat' dir='ltr'><strong>omne</strong></span> <span class='ocrx_word' id='word_1_712' title='bbox 2272 1884 2457 1937; x_wconf 90' lang='lat' dir='ltr'><strong>vitium</strong></span> <span class='ocrx_word' id='word_1_713' title='bbox 2501 1886 2831 1941; x_wconf 82' lang='lat' dir='ltr'><strong>excludatur.</strong></span> <span class='ocrx_word' id='word_1_714' title='bbox 2875 1886 3009 1941; x_wconf 91' lang='lat' dir='ltr'><strong>Cum</strong></span> <span class='ocrx_word' id='word_1_715' title='bbox 3048 1884 3420 1945; x_wconf 74' lang='lat' dir='ltr'><strong>benevolentia</strong></span> 
     </span>
    </p>
   </div>
   <div class='ocr_carea' id='block_1_98' title="bbox 1834 1951 3420 2029">
    <p class='ocr_par' dir='ltr' id='par_1_98' title="bbox 1834 1951 3420 2029">
     <span class='ocr_line' id='line_1_98' title="bbox 1834 1951 3420 2029; baseline 0.006 -25"><span class='ocrx_word' id='word_1_716' title='bbox 1834 1951 2048 2029; x_wconf 71' lang='lat' dir='ltr'><strong>dicitur,</strong></span> <span class='ocrx_word' id='word_1_717' title='bbox 2094 1954 2208 2022; x_wconf 92' lang='lat' dir='ltr'><strong>ipse</strong></span> <span class='ocrx_word' id='word_1_718' title='bbox 2249 1957 2852 2029; x_wconf 40' lang='lat' dir='ltr'><strong>consensusﬂamandi,</strong></span> <span class='ocrx_word' id='word_1_719' title='bbox 2894 1958 2985 2029; x_wconf 83' lang='lat' dir='ltr'><strong>qui</strong></span> <span class='ocrx_word' id='word_1_720' title='bbox 3029 1973 3149 2029; x_wconf 69' lang='lat' dir='ltr'><strong>cum</strong></span> <span class='ocrx_word' id='word_1_721' title='bbox 3193 1960 3420 2029; x_wconf 90' lang='lat' dir='ltr'><strong>quadam</strong></span> 
     </span>
    </p>
   </div>
   <div class='ocr_carea' id='block_1_99' title="bbox 1833 2022 3422 2097">
    <p class='ocr_par' dir='ltr' id='par_1_99' title="bbox 1833 2022 3422 2097">
     <span class='ocr_line' id='line_1_99' title="bbox 1833 2022 3422 2097; baseline 0.006 -21"><span class='ocrx_word' id='word_1_722' title='bbox 1833 2022 2114 2097; x_wconf 80' lang='lat' dir='ltr'><strong>dulcedine</strong></span> <span class='ocrx_word' id='word_1_723' title='bbox 2134 2095 2143 2097; x_wconf 76' lang='lat'><strong><em>_</em></strong></span> <span class='ocrx_word' id='word_1_724' title='bbox 2152 2035 2419 2097; x_wconf 73' lang='lat' dir='ltr'><strong>movetur,</strong></span> <span class='ocrx_word' id='word_1_725' title='bbox 2454 2026 2675 2081; x_wconf 88' lang='lat' dir='ltr'><strong>interius</strong></span> <span class='ocrx_word' id='word_1_726' title='bbox 2701 2022 3035 2097; x_wconf 85' lang='lat' dir='ltr'><strong>exprimitur.</strong></span> <span class='ocrx_word' id='word_1_727' title='bbox 3065 2026 3165 2083; x_wconf 91' lang='lat' dir='ltr'><strong>Ubi</strong></span> <span class='ocrx_word' id='word_1_728' title='bbox 3199 2022 3315 2083; x_wconf 70' lang='lat' dir='ltr'><strong>falis</strong></span> <span class='ocrx_word' id='word_1_729' title='bbox 3340 2041 3422 2085; x_wconf 90' lang='lat' dir='ltr'><strong>est</strong></span> 
     </span>
    </p>
   </div>
   <div class='ocr_carea' id='block_1_100' title="bbox 1833 2093 3419 2175">
    <p class='ocr_par' dir='ltr' id='par_1_100' title="bbox 1833 2093 3419 2175">
     <span class='ocr_line' id='line_1_100' title="bbox 1833 2093 3419 2175; baseline 0.006 -29"><span class='ocrx_word' id='word_1_730' title='bbox 1833 2093 2089 2175; x_wconf 80' lang='lat' dir='ltr'><strong>amicitia,</strong></span> <span class='ocrx_word' id='word_1_731' title='bbox 2132 2094 2205 2148; x_wconf 90' lang='lat' dir='ltr'><strong>ibi</strong></span> <span class='ocrx_word' id='word_1_732' title='bbox 2245 2096 2586 2175; x_wconf 85' lang='lat' dir='ltr'><strong>i_dem_velle,</strong></span> <span class='ocrx_word' id='word_1_733' title='bbox 2632 2108 2687 2152; x_wconf 91' lang='lat' dir='ltr'><strong>et</strong></span> <span class='ocrx_word' id='word_1_734' title='bbox 2715 2093 2853 2153; x_wconf 78' lang='lat' dir='ltr'><strong>idem</strong></span> <span class='ocrx_word' id='word_1_735' title='bbox 2877 2100 3071 2175; x_wconf 84' lang='lat' dir='ltr'><strong>_nolle;</strong></span> <span class='ocrx_word' id='word_1_736' title='bbox 3122 2107 3269 2153; x_wconf 92' lang='lat' dir='ltr'><strong>tanto</strong></span> <span class='ocrx_word' id='word_1_737' title='bbox 3297 2100 3419 2155; x_wconf 88' lang='lat' dir='ltr'><strong>dul-</strong></span> 
     </span>
    </p>
   </div>
   <div class='ocr_carea' id='block_1_101' title="bbox 1833 2167 3419 2239">
    <p class='ocr_par' dir='ltr' id='par_1_101' title="bbox 1833 2167 3419 2239">
     <span class='ocr_line' id='line_1_101' title="bbox 1833 2167 3419 2239; baseline 0.004 -21"><span class='ocrx_word' id='word_1_738' title='bbox 1833 2167 1968 2239; x_wconf 79' lang='lat' dir='ltr'><strong>cius,</strong></span> <span class='ocrx_word' id='word_1_739' title='bbox 2005 2176 2202 2239; x_wconf 80' lang='lat' dir='ltr'><strong>quanto</strong></span> <span class='ocrx_word' id='word_1_740' title='bbox 2227 2167 2519 2233; x_wconf 87' lang='lat' dir='ltr'><strong>sincerius;</strong></span> <span class='ocrx_word' id='word_1_741' title='bbox 2557 2176 2704 2239; x_wconf 90' lang='lat' dir='ltr'><strong>tanto</strong></span> <span class='ocrx_word' id='word_1_742' title='bbox 2744 2170 2978 2234; x_wconf 89' lang='lat' dir='ltr'><strong>suavius,</strong></span> <span class='ocrx_word' id='word_1_743' title='bbox 3020 2181 3218 2239; x_wconf 89' lang='lat' dir='ltr'><strong>quanto</strong></span> <span class='ocrx_word' id='word_1_744' title='bbox 3242 2186 3419 2226; x_wconf 90' lang='lat' dir='ltr'><strong>sacra-</strong></span> 
     </span>
    </p>
   </div>
   <div class='ocr_carea' id='block_1_102' title="bbox 1834 2236 3417 2310">
    <p class='ocr_par' dir='ltr' id='par_1_102' title="bbox 1834 2236 3417 2310">
     <span class='ocr_line' id='line_1_102' title="bbox 1834 2236 3417 2310; baseline 0.004 -20"><span class='ocrx_word' id='word_1_745' title='bbox 1834 2236 1970 2301; x_wconf 89' lang='lat' dir='ltr'><strong>tius;</strong></span> <span class='ocrx_word' id='word_1_746' title='bbox 2007 2236 2104 2310; x_wconf 86' lang='lat' dir='ltr'><strong>ubi</strong></span> <span class='ocrx_word' id='word_1_747' title='bbox 2131 2236 2213 2310; x_wconf 77' lang='lat' dir='ltr'><strong>sic</strong></span> <span class='ocrx_word' id='word_1_748' title='bbox 2239 2247 2480 2310; x_wconf 86' lang='lat' dir='ltr'><strong>amantes</strong></span> <span class='ocrx_word' id='word_1_749' title='bbox 2505 2238 2632 2310; x_wconf 88' lang='lat' dir='ltr'><strong>nihil</strong></span> <span class='ocrx_word' id='word_1_750' title='bbox 2659 2249 2879 2308; x_wconf 88' lang='lat' dir='ltr'><strong>possunt</strong></span> <span class='ocrx_word' id='word_1_751' title='bbox 2914 2236 3050 2295; x_wconf 81' lang='lat' dir='ltr'><strong>velle</strong></span> <span class='ocrx_word' id='word_1_752' title='bbox 3082 2240 3223 2310; x_wconf 90' lang='lat' dir='ltr'><strong>quod</strong></span> <span class='ocrx_word' id='word_1_753' title='bbox 3251 2240 3417 2297; x_wconf 86' lang='lat' dir='ltr'><strong>dedc-</strong></span> 
     </span>
    </p>
   </div>
   <div class='ocr_carea' id='block_1_103' title="bbox 1832 2306 3415 2378">
    <p class='ocr_par' dir='ltr' id='par_1_103' title="bbox 1832 2306 3415 2378">
     <span class='ocr_line' id='line_1_103' title="bbox 1832 2306 3415 2378; baseline 0.004 -17"><span class='ocrx_word' id='word_1_754' title='bbox 1832 2315 1970 2378; x_wconf 82' lang='lat' dir='ltr'><strong>ceat,</strong></span> <span class='ocrx_word' id='word_1_755' title='bbox 2032 2306 2180 2378; x_wconf 15' lang='lat' dir='ltr'><strong>nihil,</strong></span> <span class='ocrx_word' id='word_1_756' title='bbox 2219 2308 2358 2376; x_wconf 90' lang='lat' dir='ltr'><strong>quod</strong></span> <span class='ocrx_word' id='word_1_757' title='bbox 2408 2306 2670 2378; x_wconf 74' lang='lat' dir='ltr'><strong>expediat</strong></span> <span class='ocrx_word' id='word_1_758' title='bbox 2714 2311 2874 2366; x_wconf 91' lang='lat' dir='ltr'><strong>nolle.</strong></span> <span class='ocrx_word' id='word_1_759' title='bbox 2930 2306 3415 2367; x_wconf 55' lang='lat' dir='ltr'><strong>Hanc&#39;amicitiam</strong></span> 
     </span>
    </p>
   </div>
   <div class='ocr_carea' id='block_1_104' title="bbox 1833 2377 3415 2453">
    <p class='ocr_par' dir='ltr' id='par_1_104' title="bbox 1833 2377 3415 2453">
     <span class='ocr_line' id='line_1_104' title="bbox 1833 2377 3415 2453; baseline 0.006 -23"><span class='ocrx_word' id='word_1_760' title='bbox 1833 2377 2112 2446; x_wconf 88' lang='lat' dir='ltr'><strong>prudentia</strong></span> <span class='ocrx_word' id='word_1_761' title='bbox 2138 2377 2353 2453; x_wconf 78' lang='lat' dir='ltr'><strong>dirigit,</strong></span> <span class='ocrx_word' id='word_1_762' title='bbox 2394 2377 2598 2449; x_wconf 85' lang='lat' dir='ltr'><strong>justitia</strong></span> <span class='ocrx_word' id='word_1_763' title='bbox 2646 2383 2804 2453; x_wconf 87' lang='lat' dir='ltr'><strong>regit,</strong></span> <span class='ocrx_word' id='word_1_764' title='bbox 2854 2380 3111 2437; x_wconf 85' lang='lat' dir='ltr'><strong>fortitudo</strong></span> <span class='ocrx_word' id='word_1_765' title='bbox 3162 2384 3415 2451; x_wconf 88' lang='lat' dir='ltr'><strong>custodit,</strong></span> 
     </span>
    </p>
   </div>
   <div class='ocr_carea' id='block_1_105' title="bbox 1832 2450 2551 2517">
    <p class='ocr_par' dir='ltr' id='par_1_105' title="bbox 1832 2450 2551 2517">
     <span class='ocr_line' id='line_1_105' title="bbox 1832 2450 2551 2517; baseline 0.003 -15"><span class='ocrx_word' id='word_1_766' title='bbox 1832 2450 2184 2517; x_wconf 88' lang='lat' dir='ltr'><strong>temperantia</strong></span> <span class='ocrx_word' id='word_1_767' title='bbox 2224 2451 2551 2505; x_wconf 89' lang='lat' dir='ltr'><strong>moderatur.</strong></span> 
     </span>
    </p>
   </div>
   <div class='ocr_carea' id='block_1_106' title="bbox 1902 2518 3420 2597">
    <p class='ocr_par' dir='ltr' id='par_1_106' title="bbox 1902 2518 3420 2597">
     <span class='ocr_line' id='line_1_106' title="bbox 1902 2518 3420 2597; baseline 0.005 -23"><span class='ocrx_word' id='word_1_768' title='bbox 1902 2518 2131 2597; x_wconf 69' lang='lat' dir='ltr'><strong>CAPUT</strong></span> <span class='ocrx_word' id='word_1_769' title='bbox 2170 2519 2258 2575; x_wconf 77' lang='grc' dir='ltr'><strong>Ν.</strong></span> <span class='ocrx_word' id='word_1_770' title='bbox 2307 2522 2568 2597; x_wconf 61' lang='grc' dir='ltr'><strong>ΑηιξςὶςὶαξΔ</strong></span> <span class='ocrx_word' id='word_1_771' title='bbox 2592 2522 2733 2597; x_wconf 79' lang='lat' dir='ltr'><strong>origo</strong></span> <span class='ocrx_word' id='word_1_772' title='bbox 2772 2531 2821 2597; x_wconf 79' lang='lat' dir='ltr'><strong>et</strong></span> <span class='ocrx_word' id='word_1_773' title='bbox 2860 2540 3179 2597; x_wconf 81' lang='lat' dir='ltr'><strong>progressus.</strong></span> <span class='ocrx_word' id='word_1_774' title='bbox 3222 2526 3420 2582; x_wconf 79' lang='lat' dir='ltr'><strong>Amici-</strong></span> 
     </span>
    </p>
   </div>
   <div class='ocr_carea' id='block_1_107' title="bbox 1833 2590 3417 2664">
    <p class='ocr_par' dir='ltr' id='par_1_107' title="bbox 1833 2590 3417 2664">
     <span class='ocr_line' id='line_1_107' title="bbox 1833 2590 3417 2664; baseline 0.005 -19"><span class='ocrx_word' id='word_1_775' title='bbox 1833 2590 1921 2645; x_wconf 83' lang='lat' dir='ltr'><strong>tia:</strong></span> <span class='ocrx_word' id='word_1_776' title='bbox 1950 2591 2201 2664; x_wconf 77' lang='lat' dir='ltr'><strong>primum,</strong></span> <span class='ocrx_word' id='word_1_777' title='bbox 2253 2600 2311 2646; x_wconf 90' lang='lat' dir='ltr'><strong>ut</strong></span> <span class='ocrx_word' id='word_1_778' title='bbox 2357 2592 2486 2664; x_wconf 89' lang='lat' dir='ltr'><strong>mihi</strong></span> <span class='ocrx_word' id='word_1_779' title='bbox 2521 2590 2751 2660; x_wconf 87' lang='lat' dir='ltr'><strong>videtur,</strong></span> <span class='ocrx_word' id='word_1_780' title='bbox 2794 2590 2906 2664; x_wconf 85' lang='lat' dir='ltr'><strong>ipsa</strong></span> <span class='ocrx_word' id='word_1_781' title='bbox 2940 2590 3126 2651; x_wconf 77' lang='lat' dir='ltr'><strong>natura</strong></span> <span class='ocrx_word' id='word_1_782' title='bbox 3170 2596 3417 2654; x_wconf 86' lang='lat' dir='ltr'><strong>humanis</strong></span> 
     </span>
    </p>
   </div>
   <div class='ocr_carea' id='block_1_108' title="bbox 1833 2661 3413 2737">
    <p class='ocr_par' dir='ltr' id='par_1_108' title="bbox 1833 2661 3413 2737">
     <span class='ocr_line' id='line_1_108' title="bbox 1833 2661 3413 2737; baseline 0.004 -21"><span class='ocrx_word' id='word_1_783' title='bbox 1833 2661 2098 2716; x_wconf 87' lang='lat' dir='ltr'><strong>mentibus</strong></span> <span class='ocrx_word' id='word_1_784' title='bbox 2120 2663 2389 2737; x_wconf 81' lang='lat' dir='ltr'><strong>impressit</strong></span> <span class='ocrx_word' id='word_1_785' title='bbox 2403 2663 2673 2737; x_wconf 71' lang='lat' dir='ltr'><strong>allectum,</strong></span> <span class='ocrx_word' id='word_1_786' title='bbox 2693 2661 2883 2737; x_wconf 84' lang='lat' dir='ltr'><strong>deinde</strong></span> <span class='ocrx_word' id='word_1_787' title='bbox 2897 2668 3223 2737; x_wconf 85' lang='lat' dir='ltr'><strong>experientia</strong></span> <span class='ocrx_word' id='word_1_788' title='bbox 3243 2670 3413 2735; x_wconf 83' lang='lat' dir='ltr'><strong>auxit,</strong></span> 
     </span>
    </p>
   </div>
   <div class='ocr_carea' id='block_1_109' title="bbox 1832 2733 3420 2803">
    <p class='ocr_par' dir='ltr' id='par_1_109' title="bbox 1832 2733 3420 2803">
     <span class='ocr_line' id='line_1_109' title="bbox 1832 2733 3420 2803; baseline 0.004 -16"><span class='ocrx_word' id='word_1_789' title='bbox 1832 2740 2104 2803; x_wconf 89' lang='lat' dir='ltr'><strong>postremo</strong></span> <span class='ocrx_word' id='word_1_790' title='bbox 2128 2733 2260 2803; x_wconf 83' lang='lat' dir='ltr'><strong>legis</strong></span> <span class='ocrx_word' id='word_1_791' title='bbox 2281 2735 2565 2790; x_wconf 87' lang='lat' dir='ltr'><strong>auctoritas</strong></span> <span class='ocrx_word' id='word_1_792' title='bbox 2584 2736 2865 2791; x_wconf 88' lang='lat' dir='ltr'><strong>ordinavit.</strong></span> <span class='ocrx_word' id='word_1_793' title='bbox 2887 2733 3030 2793; x_wconf 85' lang='lat' dir='ltr'><strong>Deus</strong></span> <span class='ocrx_word' id='word_1_794' title='bbox 3045 2741 3187 2794; x_wconf 90' lang='lat' dir='ltr'><strong>enim</strong></span> <span class='ocrx_word' id='word_1_795' title='bbox 3210 2733 3420 2795; x_wconf 83' lang='lat' dir='ltr'><strong>summe</strong></span> 
     </span>
    </p>
   </div>
   <div class='ocr_carea' id='block_1_110' title="bbox 1854 2805 3419 2881">
    <p class='ocr_par' dir='ltr' id='par_1_110' title="bbox 1854 2805 3419 2881">
     <span class='ocr_line' id='line_1_110' title="bbox 1854 2805 3419 2881; baseline 0.005 -24"><span class='ocrx_word' id='word_1_796' title='bbox 1854 2812 2043 2870; x_wconf 62' lang='lat' dir='ltr'><strong>potens,</strong></span> <span class='ocrx_word' id='word_1_797' title='bbox 2086 2812 2142 2859; x_wconf 90' lang='lat' dir='ltr'><strong>et</strong></span> <span class='ocrx_word' id='word_1_798' title='bbox 2168 2820 2375 2859; x_wconf 91' lang='lat' dir='ltr'><strong>summe</strong></span> <span class='ocrx_word' id='word_1_799' title='bbox 2401 2805 2591 2873; x_wconf 86' lang='lat' dir='ltr'><strong>bonus,</strong></span> <span class='ocrx_word' id='word_1_800' title='bbox 2624 2807 2723 2861; x_wconf 91' lang='lat' dir='ltr'><strong>sibi</strong></span> <span class='ocrx_word' id='word_1_801' title='bbox 2753 2815 2852 2881; x_wconf 90' lang='lat' dir='ltr'><strong>est_</strong></span> <span class='ocrx_word' id='word_1_802' title='bbox 2870 2808 2971 2876; x_wconf 91' lang='lat' dir='ltr'><strong>ipsi</strong></span> <span class='ocrx_word' id='word_1_803' title='bbox 2999 2809 3288 2877; x_wconf 82' lang='lat' dir='ltr'><strong>sufficiens,</strong></span> <span class='ocrx_word' id='word_1_804' title='bbox 3328 2810 3419 2881; x_wconf 90' lang='lat' dir='ltr'><strong>qui</strong></span> 
     </span>
    </p>
   </div>
   <div class='ocr_carea' id='block_1_111' title="bbox 1872 2879 3417 2947">
    <p class='ocr_par' dir='ltr' id='par_1_111' title="bbox 1872 2879 3417 2947">
     <span class='ocr_line' id='line_1_111' title="bbox 1872 2879 3417 2947; baseline 0.005 -18"><span class='ocrx_word' id='word_1_805' title='bbox 1872 2890 2095 2929; x_wconf 90' lang='lat' dir='ltr'><strong>onorum</strong></span> <span class='ocrx_word' id='word_1_806' title='bbox 2123 2884 2423 2930; x_wconf 87' lang='lat' dir='ltr'><strong>nostrorum</strong></span> <span class='ocrx_word' id='word_1_807' title='bbox 2452 2892 2556 2930; x_wconf 91' lang='lat' dir='ltr'><strong>non</strong></span> <span class='ocrx_word' id='word_1_808' title='bbox 2584 2885 2737 2947; x_wconf 79' lang='lat' dir='ltr'><strong>eget;</strong></span> <span class='ocrx_word' id='word_1_809' title='bbox 2767 2879 2936 2933; x_wconf 88' lang='lat' dir='ltr'><strong>voluit</strong></span> <span class='ocrx_word' id='word_1_810' title='bbox 2966 2888 3022 2934; x_wconf 90' lang='lat' dir='ltr'><strong>ut</strong></span> <span class='ocrx_word' id='word_1_811' title='bbox 3049 2896 3238 2935; x_wconf 90' lang='lat' dir='ltr'><strong>omnes</strong></span> <span class='ocrx_word' id='word_1_812' title='bbox 3263 2879 3417 2936; x_wconf 43' lang='lat' dir='ltr'><strong>ere—a-</strong></span> 
     </span>
    </p>
   </div>
   <div class='ocr_carea' id='block_1_112' title="bbox 1833 2949 3417 3016">
    <p class='ocr_par' dir='ltr' id='par_1_112' title="bbox 1833 2949 3417 3016">
     <span class='ocr_line' id='line_1_112' title="bbox 1833 2949 3417 3016; baseline 0.003 -15"><span class='ocrx_word' id='word_1_813' title='bbox 1833 2956 1979 3001; x_wconf 90' lang='lat' dir='ltr'><strong>turas</strong></span> <span class='ocrx_word' id='word_1_814' title='bbox 2026 2961 2151 3002; x_wconf 88' lang='lat' dir='ltr'><strong>suas</strong></span> <span class='ocrx_word' id='word_1_815' title='bbox 2189 2962 2291 3015; x_wconf 82' lang='lat' dir='ltr'><strong>pax</strong></span> <span class='ocrx_word' id='word_1_816' title='bbox 2331 2958 2697 3016; x_wconf 90' lang='lat' dir='ltr'><strong>componeret,</strong></span> <span class='ocrx_word' id='word_1_817' title='bbox 2743 2956 2797 3003; x_wconf 89' lang='lat' dir='ltr'><strong>et</strong></span> <span class='ocrx_word' id='word_1_818' title='bbox 2837 2949 3015 3004; x_wconf 90' lang='lat' dir='ltr'><strong>uniret</strong></span> <span class='ocrx_word' id='word_1_819' title='bbox 3057 2954 3308 3007; x_wconf 90' lang='lat' dir='ltr'><strong>societas.</strong></span> <span class='ocrx_word' id='word_1_820' title='bbox 3340 2951 3417 3005; x_wconf 89' lang='lat' dir='ltr'><strong>lta</strong></span> 
     </span>
    </p>
   </div>
   <div class='ocr_carea' id='block_1_113' title="bbox 1833 3017 3416 3088">
    <p class='ocr_par' dir='ltr' id='par_1_113' title="bbox 1833 3017 3416 3088">
     <span class='ocr_line' id='line_1_113' title="bbox 1833 3017 3416 3088; baseline 0.004 -17"><span class='ocrx_word' id='word_1_821' title='bbox 1833 3026 2023 3071; x_wconf 89' lang='lat' dir='ltr'><strong>natura</strong></span> <span class='ocrx_word' id='word_1_822' title='bbox 2046 3018 2312 3073; x_wconf 87' lang='lat' dir='ltr'><strong>mentibus</strong></span> <span class='ocrx_word' id='word_1_823' title='bbox 2336 3017 2579 3073; x_wconf 91' lang='lat' dir='ltr'><strong>humanis</strong></span> <span class='ocrx_word' id='word_1_824' title='bbox 2608 3019 2675 3073; x_wconf 89' lang='lat' dir='ltr'><strong>ab</strong></span> <span class='ocrx_word' id='word_1_825' title='bbox 2705 3020 2819 3088; x_wconf 92' lang='lat' dir='ltr'><strong>ipso</strong></span> <span class='ocrx_word' id='word_1_826' title='bbox 2843 3020 3064 3075; x_wconf 88' lang='lat' dir='ltr'><strong>exordio</strong></span> <span class='ocrx_word' id='word_1_827' title='bbox 3090 3023 3337 3077; x_wconf 72' lang='lat' dir='ltr'><strong>amicitiae</strong></span> <span class='ocrx_word' id='word_1_828' title='bbox 3361 3030 3416 3078; x_wconf 89' lang='lat' dir='ltr'><strong>et</strong></span> 
     </span>
    </p>
   </div>
   <div class='ocr_carea' id='block_1_114' title="bbox 1834 3088 3419 3159">
    <p class='ocr_par' dir='ltr' id='par_1_114' title="bbox 1834 3088 3419 3159">
     <span class='ocr_line' id='line_1_114' title="bbox 1834 3088 3419 3159; baseline 0.004 -18"><span class='ocrx_word' id='word_1_829' title='bbox 1834 3088 2108 3142; x_wconf 88' lang='lat' dir='ltr'><strong>charitatis</strong></span> <span class='ocrx_word' id='word_1_830' title='bbox 2149 3089 2419 3157; x_wconf 86' lang='lat' dir='ltr'><strong>impressit</strong></span> <span class='ocrx_word' id='word_1_831' title='bbox 2454 3088 2721 3155; x_wconf 74' lang='lat' dir='ltr'><strong>allectum,</strong></span> <span class='ocrx_word' id='word_1_832' title='bbox 2757 3106 2913 3159; x_wconf 91' lang='lat' dir='ltr'><strong>quem</strong></span> <span class='ocrx_word' id='word_1_833' title='bbox 2945 3091 3258 3147; x_wconf 89' lang='lat' dir='ltr'><strong>interiorum</strong></span> <span class='ocrx_word' id='word_1_834' title='bbox 3302 3108 3419 3147; x_wconf 89' lang='lat' dir='ltr'><strong>mo-</strong></span> 
     </span>
    </p>
   </div>
   <div class='ocr_carea' id='block_1_115' title="bbox 1834 3159 3412 3229">
    <p class='ocr_par' dir='ltr' id='par_1_115' title="bbox 1834 3159 3412 3229">
     <span class='ocr_line' id='line_1_115' title="bbox 1834 3159 3412 3229; baseline 0.003 -17"><span class='ocrx_word' id='word_1_835' title='bbox 1834 3174 1951 3213; x_wconf 92' lang='lat' dir='ltr'><strong>rum</strong></span> <span class='ocrx_word' id='word_1_836' title='bbox 1979 3174 2168 3213; x_wconf 89' lang='lat' dir='ltr'><strong>sensus</strong></span> <span class='ocrx_word' id='word_1_837' title='bbox 2184 3160 2203 3189; x_wconf 82' lang='grc'>²</span> <span class='ocrx_word' id='word_1_838' title='bbox 2222 3159 2432 3213; x_wconf 90' lang='lat' dir='ltr'><strong>amandi</strong></span> <span class='ocrx_word' id='word_1_839' title='bbox 2460 3159 2688 3226; x_wconf 90' lang='lat' dir='ltr'><strong>quodam</strong></span> <span class='ocrx_word' id='word_1_840' title='bbox 2708 3170 2862 3229; x_wconf 82' lang='lat' dir='ltr'><strong>gustu</strong></span> <span class='ocrx_word' id='word_1_841' title='bbox 2888 3163 3161 3216; x_wconf 87' lang='lat' dir='ltr'><strong>suavitatis</strong></span> <span class='ocrx_word' id='word_1_842' title='bbox 3177 3163 3412 3217; x_wconf 82' lang='lat' dir='ltr'><strong>adauxit.</strong></span> 
     </span>
    </p>
   </div>
   <div class='ocr_carea' id='block_1_116' title="bbox 1834 3230 3421 3287">
    <p class='ocr_par' dir='ltr' id='par_1_116' title="bbox 1834 3230 3421 3287">
     <span class='ocr_line' id='line_1_116' title="bbox 1834 3230 3421 3287; baseline 0.003 -4"><span class='ocrx_word' id='word_1_843' title='bbox 1834 3231 2171 3284; x_wconf 85' lang='lat' dir='ltr'><strong>Manifestum</strong></span> <span class='ocrx_word' id='word_1_844' title='bbox 2217 3240 2299 3285; x_wconf 90' lang='lat' dir='ltr'><strong>est</strong></span> <span class='ocrx_word' id='word_1_845' title='bbox 2327 3230 2614 3284; x_wconf 90' lang='lat' dir='ltr'><strong>amicitiam</strong></span> <span class='ocrx_word' id='word_1_846' title='bbox 2664 3232 2957 3285; x_wconf 89' lang='lat' dir='ltr'><strong>naturalem</strong></span> <span class='ocrx_word' id='word_1_847' title='bbox 2988 3246 3108 3287; x_wconf 89' lang='lat' dir='ltr'><strong>esse</strong></span> <span class='ocrx_word' id='word_1_848' title='bbox 3146 3234 3288 3287; x_wconf 91' lang='lat' dir='ltr'><strong>sicut</strong></span> <span class='ocrx_word' id='word_1_849' title='bbox 3314 3234 3421 3287; x_wconf 89' lang='lat' dir='ltr'><strong>vir-</strong></span> 
     </span>
    </p>
   </div>
   <div class='ocr_carea' id='block_1_117' title="bbox 1836 3300 3417 3370">
    <p class='ocr_par' dir='ltr' id='par_1_117' title="bbox 1836 3300 3417 3370">
     <span class='ocr_line' id='line_1_117' title="bbox 1836 3300 3417 3370; baseline 0.003 -16"><span class='ocrx_word' id='word_1_850' title='bbox 1836 3309 2025 3366; x_wconf 89' lang='lat' dir='ltr'><strong>tutem,</strong></span> <span class='ocrx_word' id='word_1_851' title='bbox 2054 3301 2193 3355; x_wconf 88' lang='lat' dir='ltr'><strong>sicut</strong></span> <span class='ocrx_word' id='word_1_852' title='bbox 2216 3300 2523 3370; x_wconf 88' lang='lat' dir='ltr'><strong>sapientiam</strong></span> <span class='ocrx_word' id='word_1_853' title='bbox 2545 3308 2599 3355; x_wconf 90' lang='lat' dir='ltr'><strong>et</strong></span> <span class='ocrx_word' id='word_1_854' title='bbox 2618 3313 2841 3357; x_wconf 67' lang='lat' dir='ltr'><strong>crateras</strong></span> <span class='ocrx_word' id='word_1_855' title='bbox 2867 3304 3107 3358; x_wconf 88' lang='lat' dir='ltr'><strong>virtutes.</strong></span> <span class='ocrx_word' id='word_1_856' title='bbox 3131 3303 3238 3359; x_wconf 92' lang='lat' dir='ltr'><strong>Sed</strong></span> <span class='ocrx_word' id='word_1_857' title='bbox 3262 3303 3417 3358; x_wconf 91' lang='lat' dir='ltr'><strong>multi</strong></span> 
     </span>
    </p>
   </div>
   <div class='ocr_carea' id='block_1_118' title="bbox 1835 3372 3421 3444">
    <p class='ocr_par' dir='ltr' id='par_1_118' title="bbox 1835 3372 3421 3444">
     <span class='ocr_line' id='line_1_118' title="bbox 1835 3372 3421 3444; baseline 0.002 -19"><span class='ocrx_word' id='word_1_858' title='bbox 1835 3372 2125 3444; x_wconf 86' lang='lat' dir='ltr'><strong>abutuntur</strong></span> <span class='ocrx_word' id='word_1_859' title='bbox 2172 3374 2452 3441; x_wconf 70' lang='lat' dir='ltr'><strong>sapientia,</strong></span> <span class='ocrx_word' id='word_1_860' title='bbox 2488 3373 2578 3444; x_wconf 91' lang='lat' dir='ltr'><strong>qui</strong></span> <span class='ocrx_word' id='word_1_861' title='bbox 2616 3388 2711 3441; x_wconf 89' lang='lat' dir='ltr'><strong>pro</strong></span> <span class='ocrx_word' id='word_1_862' title='bbox 2751 3388 2812 3426; x_wconf 93' lang='lat' dir='ltr'><strong>ea</strong></span> <span class='ocrx_word' id='word_1_863' title='bbox 2854 3374 3051 3443; x_wconf 90' lang='lat' dir='ltr'><strong>aliquid</strong></span> <span class='ocrx_word' id='word_1_864' title='bbox 3082 3374 3205 3428; x_wconf 91' lang='lat' dir='ltr'><strong>inde</strong></span> <span class='ocrx_word' id='word_1_865' title='bbox 3252 3374 3421 3428; x_wconf 87' lang='lat' dir='ltr'><strong>susci—</strong></span> 
     </span>
    </p>
   </div>
   <div class='ocr_carea' id='block_1_119' title="bbox 1836 3443 3419 3514">
    <p class='ocr_par' dir='ltr' id='par_1_119' title="bbox 1836 3443 3419 3514">
     <span class='ocr_line' id='line_1_119' title="bbox 1836 3443 3419 3514; baseline 0.001 -17"><span class='ocrx_word' id='word_1_866' title='bbox 1836 3444 2006 3513; x_wconf 84' lang='lat' dir='ltr'><strong>piunt,</strong></span> <span class='ocrx_word' id='word_1_867' title='bbox 2041 3443 2124 3497; x_wconf 91' lang='lat' dir='ltr'><strong>vel</strong></span> <span class='ocrx_word' id='word_1_868' title='bbox 2154 3444 2238 3512; x_wconf 91' lang='lat' dir='ltr'><strong>qui</strong></span> <span class='ocrx_word' id='word_1_869' title='bbox 2275 3458 2390 3497; x_wconf 88' lang='lat' dir='ltr'><strong>eam</strong></span> <span class='ocrx_word' id='word_1_870' title='bbox 2432 3443 2701 3514; x_wconf 71' lang='lat' dir='ltr'><strong>vendunt:</strong></span> <span class='ocrx_word' id='word_1_871' title='bbox 2735 3444 2812 3497; x_wconf 91' lang='lat' dir='ltr'><strong>sic</strong></span> <span class='ocrx_word' id='word_1_872' title='bbox 2846 3445 3008 3514; x_wconf 91' lang='lat' dir='ltr'><strong>aliqui</strong></span> <span class='ocrx_word' id='word_1_873' title='bbox 3033 3445 3171 3499; x_wconf 90' lang='lat' dir='ltr'><strong>male</strong></span> <span class='ocrx_word' id='word_1_874' title='bbox 3201 3453 3419 3499; x_wconf 90' lang='lat' dir='ltr'><strong>utuntur</strong></span> 
     </span>
    </p>
   </div>
   <div class='ocr_carea' id='block_1_120' title="bbox 1836 3511 3342 3584">
    <p class='ocr_par' dir='ltr' id='par_1_120' title="bbox 1836 3511 3342 3584">
     <span class='ocr_line' id='line_1_120' title="bbox 1836 3511 3342 3584; baseline -0.001 -16"><span class='ocrx_word' id='word_1_875' title='bbox 1836 3511 2090 3580; x_wconf 78' lang='lat' dir='ltr'><strong>amicitia,</strong></span> <span class='ocrx_word' id='word_1_876' title='bbox 2134 3511 2223 3583; x_wconf 87' lang='lat' dir='ltr'><strong>qui</strong></span> <span class='ocrx_word' id='word_1_877' title='bbox 2255 3529 2350 3582; x_wconf 94' lang='lat' dir='ltr'><strong>pro</strong></span> <span class='ocrx_word' id='word_1_878' title='bbox 2380 3527 2443 3568; x_wconf 90' lang='lat' dir='ltr'><strong>ea</strong></span> <span class='ocrx_word' id='word_1_879' title='bbox 2473 3511 2665 3581; x_wconf 90' lang='lat' dir='ltr'><strong>aliquid</strong></span> <span class='ocrx_word' id='word_1_880' title='bbox 2693 3511 2968 3584; x_wconf 82' lang='lat' dir='ltr'><strong>appetunt,</strong></span> <span class='ocrx_word' id='word_1_881' title='bbox 3002 3516 3084 3569; x_wconf 85' lang='lat' dir='ltr'><strong>vel</strong></span> <span class='ocrx_word' id='word_1_882' title='bbox 3110 3531 3229 3569; x_wconf 92' lang='lat' dir='ltr'><strong>cum</strong></span> <span class='ocrx_word' id='word_1_883' title='bbox 3256 3530 3342 3570; x_wconf 86' lang='lat' dir='ltr'><strong>ea.</strong></span> 
     </span>
    </p>
   </div>
   <div class='ocr_carea' id='block_1_121' title="bbox 1908 3584 3419 3656">
    <p class='ocr_par' dir='ltr' id='par_1_121' title="bbox 1908 3584 3419 3656">
     <span class='ocr_line' id='line_1_121' title="bbox 1908 3584 3419 3656; baseline 0 -16"><span class='ocrx_word' id='word_1_884' title='bbox 1908 3585 2134 3641; x_wconf 84' lang='lat' dir='ltr'><strong>CAPUT</strong></span> <span class='ocrx_word' id='word_1_885' title='bbox 2168 3586 2228 3638; x_wconf 88' lang='lat' dir='ltr'><strong>V.</strong></span> <span class='ocrx_word' id='word_1_886' title='bbox 2262 3584 2339 3637; x_wconf 87' lang='lat' dir='ltr'><strong>De</strong></span> <span class='ocrx_word' id='word_1_887' title='bbox 2359 3585 2592 3656; x_wconf 79' lang='lat' dir='ltr'><strong>amicitiw</strong></span> <span class='ocrx_word' id='word_1_888' title='bbox 2618 3586 2881 3656; x_wconf 74' lang='lat' dir='ltr'><strong>fructibus.</strong></span> <span class='ocrx_word' id='word_1_889' title='bbox 2913 3584 2989 3655; x_wconf 92' lang='lat' dir='ltr'><strong>(a)</strong></span> <span class='ocrx_word' id='word_1_890' title='bbox 3016 3586 3149 3653; x_wconf 87' lang='lat' dir='ltr'><strong>Quid</strong></span> <span class='ocrx_word' id='word_1_891' title='bbox 3178 3585 3419 3640; x_wconf 84' lang='lat' dir='ltr'><strong>utilitatis</strong></span> 
     </span>
    </p>
   </div>
   <div class='ocr_carea' id='block_1_122' title="bbox 1838 3655 3418 3727">
    <p class='ocr_par' dir='ltr' id='par_1_122' title="bbox 1838 3655 3418 3727">
     <span class='ocr_line' id='line_1_122' title="bbox 1838 3655 3418 3727; baseline -0.001 -16"><span class='ocrx_word' id='word_1_892' title='bbox 1838 3655 2051 3718; x_wconf 82' lang='lat' dir='ltr'><strong>habeat,</strong></span> <span class='ocrx_word' id='word_1_893' title='bbox 2080 3672 2199 3711; x_wconf 91' lang='lat' dir='ltr'><strong>cum</strong></span> <span class='ocrx_word' id='word_1_894' title='bbox 2231 3657 2282 3710; x_wconf 88' lang='lat' dir='ltr'><strong>in</strong></span> <span class='ocrx_word' id='word_1_895' title='bbox 2312 3657 2470 3711; x_wconf 86' lang='lat' dir='ltr'><strong>rebus</strong></span> <span class='ocrx_word' id='word_1_896' title='bbox 2501 3655 2747 3709; x_wconf 89' lang='lat' dir='ltr'><strong>humanis</strong></span> <span class='ocrx_word' id='word_1_897' title='bbox 2780 3656 2907 3709; x_wconf 92' lang='lat' dir='ltr'><strong>nihil</strong></span> <span class='ocrx_word' id='word_1_898' title='bbox 2940 3657 3173 3710; x_wconf 85' lang='lat' dir='ltr'><strong>sanctius</strong></span> <span class='ocrx_word' id='word_1_899' title='bbox 3198 3666 3418 3727; x_wconf 89' lang='lat' dir='ltr'><strong>appeta-</strong></span> 
     </span>
    </p>
   </div>
   <div class='ocr_carea' id='block_1_123' title="bbox 1839 3727 3417 3797">
    <p class='ocr_par' dir='ltr' id='par_1_123' title="bbox 1839 3727 3417 3797">
     <span class='ocr_line' id='line_1_123' title="bbox 1839 3727 3417 3797; baseline -0.001 -15"><span class='ocrx_word' id='word_1_900' title='bbox 1839 3737 1944 3793; x_wconf 90' lang='lat' dir='ltr'><strong>tur,</strong></span> <span class='ocrx_word' id='word_1_901' title='bbox 1978 3728 2103 3781; x_wconf 89' lang='lat' dir='ltr'><strong>nihil</strong></span> <span class='ocrx_word' id='word_1_902' title='bbox 2128 3738 2395 3797; x_wconf 71' lang='lat' dir='ltr'><strong>quazratur</strong></span> <span class='ocrx_word' id='word_1_903' title='bbox 2418 3727 2616 3790; x_wconf 88' lang='lat' dir='ltr'><strong>utilius,</strong></span> <span class='ocrx_word' id='word_1_904' title='bbox 2643 3727 3066 3797; x_wconf 80' lang='lat' dir='ltr'><strong>nibildil’ficilius</strong></span> <span class='ocrx_word' id='word_1_905' title='bbox 3096 3728 3417 3791; x_wconf 84' lang='lat' dir='ltr'><strong>inveniatur,</strong></span> 
     </span>
    </p>
   </div>
   <div class='ocr_carea' id='block_1_124' title="bbox 1839 3796 3420 3868">
    <p class='ocr_par' dir='ltr' id='par_1_124' title="bbox 1839 3796 3420 3868">
     <span class='ocr_line' id='line_1_124' title="bbox 1839 3796 3420 3868; baseline 0 -15"><span class='ocrx_word' id='word_1_906' title='bbox 1839 3800 1971 3853; x_wconf 86' lang='lat' dir='ltr'><strong>nihil</strong></span> <span class='ocrx_word' id='word_1_907' title='bbox 2006 3796 2315 3868; x_wconf 83' lang='lat' dir='ltr'><strong>experiatur</strong></span> <span class='ocrx_word' id='word_1_908' title='bbox 2342 3798 2579 3863; x_wconf 90' lang='lat' dir='ltr'><strong>dulcius,</strong></span> <span class='ocrx_word' id='word_1_909' title='bbox 2612 3797 2745 3852; x_wconf 84' lang='lat' dir='ltr'><strong>nihil</strong></span> <span class='ocrx_word' id='word_1_910' title='bbox 2778 3796 3099 3853; x_wconf 83' lang='lat' dir='ltr'><strong>fructuosius</strong></span> <span class='ocrx_word' id='word_1_911' title='bbox 3134 3799 3420 3853; x_wconf 78' lang='lat' dir='ltr'><strong>teneatur?</strong></span> 
     </span>
    </p>
   </div>
   <div class='ocr_carea' id='block_1_125' title="bbox 1839 3869 3421 3938">
    <p class='ocr_par' dir='ltr' id='par_1_125' title="bbox 1839 3869 3421 3938">
     <span class='ocr_line' id='line_1_125' title="bbox 1839 3869 3421 3938; baseline -0.001 -13"><span class='ocrx_word' id='word_1_912' title='bbox 1839 3871 2008 3925; x_wconf 81' lang='lat' dir='ltr'><strong>liabet</strong></span> <span class='ocrx_word' id='word_1_913' title='bbox 2048 3870 2189 3925; x_wconf 90' lang='lat' dir='ltr'><strong>enim</strong></span> <span class='ocrx_word' id='word_1_914' title='bbox 2232 3869 2459 3923; x_wconf 88' lang='lat' dir='ltr'><strong>fructum</strong></span> <span class='ocrx_word' id='word_1_915' title='bbox 2495 3870 2615 3922; x_wconf 83' lang='lat' dir='ltr'><strong>vita:</strong></span> <span class='ocrx_word' id='word_1_916' title='bbox 2658 3870 2933 3938; x_wconf 65' lang='lat' dir='ltr'><strong>praisentis</strong></span> <span class='ocrx_word' id='word_1_917' title='bbox 2965 3878 3019 3924; x_wconf 91' lang='lat' dir='ltr'><strong>et</strong></span> <span class='ocrx_word' id='word_1_918' title='bbox 3054 3871 3241 3923; x_wconf 71' lang='lat' dir='ltr'><strong>fulurte</strong></span> <span class='ocrx_word' id='word_1_919' title='bbox 3270 3887 3283 3922; x_wconf 89' lang='lat'><strong>:</strong></span> <span class='ocrx_word' id='word_1_920' title='bbox 3308 3873 3421 3938; x_wconf 89' lang='lat' dir='ltr'><strong>ipsa</strong></span> 
     </span>
    </p>
   </div>
   <div class='ocr_carea' id='block_1_126' title="bbox 1838 3939 3421 4005">
    <p class='ocr_par' dir='ltr' id='par_1_126' title="bbox 1838 3939 3421 4005">
     <span class='ocr_line' id='line_1_126' title="bbox 1838 3939 3421 4005; baseline -0.002 -9"><span class='ocrx_word' id='word_1_921' title='bbox 1838 3942 1981 3997; x_wconf 90' lang='lat' dir='ltr'><strong>enim</strong></span> <span class='ocrx_word' id='word_1_922' title='bbox 2022 3956 2208 3995; x_wconf 86' lang='lat' dir='ltr'><strong>omnes</strong></span> <span class='ocrx_word' id='word_1_923' title='bbox 2247 3941 2469 3994; x_wconf 86' lang='lat' dir='ltr'><strong>virtutes</strong></span> <span class='ocrx_word' id='word_1_924' title='bbox 2512 3954 2604 3993; x_wconf 88' lang='lat' dir='ltr'><strong>sua</strong></span> <span class='ocrx_word' id='word_1_925' title='bbox 2635 3939 2815 3994; x_wconf 91' lang='lat' dir='ltr'><strong>condit</strong></span> <span class='ocrx_word' id='word_1_926' title='bbox 2852 3941 3129 4005; x_wconf 88' lang='lat' dir='ltr'><strong>suavitate,</strong></span> <span class='ocrx_word' id='word_1_927' title='bbox 3154 3940 3280 3995; x_wconf 89' lang='lat' dir='ltr'><strong>vitia</strong></span> <span class='ocrx_word' id='word_1_928' title='bbox 3324 3954 3421 3993; x_wconf 89' lang='lat' dir='ltr'><strong>sua</strong></span> 
     </span>
    </p>
   </div>
   <div class='ocr_carea' id='block_1_127' title="bbox 1838 4011 3413 4081">
    <p class='ocr_par' dir='ltr' id='par_1_127' title="bbox 1838 4011 3413 4081">
     <span class='ocr_line' id='line_1_127' title="bbox 1838 4011 3413 4081; baseline -0.002 -14"><span class='ocrx_word' id='word_1_929' title='bbox 1838 4016 2033 4067; x_wconf 88' lang='lat' dir='ltr'><strong>virtute</strong></span> <span class='ocrx_word' id='word_1_930' title='bbox 2057 4011 2319 4076; x_wconf 87' lang='lat' dir='ltr'><strong>confodit;</strong></span> <span class='ocrx_word' id='word_1_931' title='bbox 2352 4012 2571 4065; x_wconf 87' lang='lat' dir='ltr'><strong>adversa</strong></span> <span class='ocrx_word' id='word_1_932' title='bbox 2597 4018 2878 4078; x_wconf 88' lang='lat' dir='ltr'><strong>temperat,</strong></span> <span class='ocrx_word' id='word_1_933' title='bbox 2901 4012 3175 4078; x_wconf 82' lang='lat' dir='ltr'><strong>componit</strong></span> <span class='ocrx_word' id='word_1_934' title='bbox 3199 4026 3413 4081; x_wconf 86' lang='lat' dir='ltr'><strong>prospe-</strong></span> 
     </span>
    </p>
   </div>
   <div class='ocr_carea' id='block_1_128' title="bbox 1838 4081 3423 4148">
    <p class='ocr_par' dir='ltr' id='par_1_128' title="bbox 1838 4081 3423 4148">
     <span class='ocr_line' id='line_1_128' title="bbox 1838 4081 3423 4148; baseline -0.003 -9"><span class='ocrx_word' id='word_1_935' title='bbox 1838 4100 1899 4139; x_wconf 90' lang='lat' dir='ltr'><strong>ra</strong></span> <span class='ocrx_word' id='word_1_936' title='bbox 1932 4083 2039 4137; x_wconf 90' lang='lat' dir='ltr'><strong>:ita</strong></span> <span class='ocrx_word' id='word_1_937' title='bbox 2072 4091 2130 4136; x_wconf 91' lang='lat' dir='ltr'><strong>ut</strong></span> <span class='ocrx_word' id='word_1_938' title='bbox 2158 4081 2275 4135; x_wconf 85' lang='lat' dir='ltr'><strong>sine</strong></span> <span class='ocrx_word' id='word_1_939' title='bbox 2314 4082 2483 4135; x_wconf 90' lang='lat' dir='ltr'><strong>amico</strong></span> <span class='ocrx_word' id='word_1_940' title='bbox 2514 4081 2652 4134; x_wconf 87' lang='lat' dir='ltr'><strong>inter</strong></span> <span class='ocrx_word' id='word_1_941' title='bbox 2684 4083 2934 4135; x_wconf 90' lang='lat' dir='ltr'><strong>mortales</strong></span> <span class='ocrx_word' id='word_1_942' title='bbox 2958 4083 3088 4135; x_wconf 88' lang='lat' dir='ltr'><strong>nihil</strong></span> <span class='ocrx_word' id='word_1_943' title='bbox 3120 4081 3230 4136; x_wconf 90' lang='lat' dir='ltr'><strong>fere</strong></span> <span class='ocrx_word' id='word_1_944' title='bbox 3254 4081 3423 4148; x_wconf 89' lang='lat' dir='ltr'><strong>possit</strong></span> 
     </span>
    </p>
   </div>
   <div class='ocr_carea' id='block_1_129' title="bbox 1839 4149 3422 4223">
    <p class='ocr_par' dir='ltr' id='par_1_129' title="bbox 1839 4149 3422 4223">
     <span class='ocr_line' id='line_1_129' title="bbox 1839 4149 3422 4223; baseline -0.003 -14"><span class='ocrx_word' id='word_1_945' title='bbox 1839 4170 1959 4210; x_wconf 88' lang='lat' dir='ltr'><strong>esse</strong></span> <span class='ocrx_word' id='word_1_946' title='bbox 1982 4153 2272 4223; x_wconf 89' lang='lat' dir='ltr'><strong>jucundum</strong></span> <span class='ocrx_word' id='word_1_947' title='bbox 2295 4169 2309 4217; x_wconf 91' lang='lat'><strong>;</strong></span> <span class='ocrx_word' id='word_1_948' title='bbox 2338 4162 2392 4207; x_wconf 91' lang='lat' dir='ltr'><strong>et</strong></span> <span class='ocrx_word' id='word_1_949' title='bbox 2421 4153 2580 4205; x_wconf 90' lang='lat' dir='ltr'><strong>homo</strong></span> <span class='ocrx_word' id='word_1_950' title='bbox 2604 4151 2786 4223; x_wconf 79' lang='lat' dir='ltr'><strong>bestia:</strong></span> <span class='ocrx_word' id='word_1_951' title='bbox 2815 4160 3173 4223; x_wconf 79' lang='lat' dir='ltr'><strong>comparetur,</strong></span> <span class='ocrx_word' id='word_1_952' title='bbox 3198 4166 3301 4223; x_wconf 86' lang='lat' dir='ltr'><strong>non</strong></span> <span class='ocrx_word' id='word_1_953' title='bbox 3326 4149 3422 4223; x_wconf 85' lang='lat' dir='ltr'><strong>ha-</strong></span> 
     </span>
    </p>
   </div>
   <div class='ocr_carea' id='block_1_130' title="bbox 1838 4220 3417 4293">
    <p class='ocr_par' dir='ltr' id='par_1_130' title="bbox 1838 4220 3417 4293">
     <span class='ocr_line' id='line_1_130' title="bbox 1838 4220 3417 4293; baseline -0.004 -13"><span class='ocrx_word' id='word_1_954' title='bbox 1838 4220 2099 4293; x_wconf 45' lang='lat' dir='ltr'><strong>bens&#39;qui</strong></span> <span class='ocrx_word' id='word_1_955' title='bbox 2139 4238 2319 4277; x_wconf 91' lang='lat' dir='ltr'><strong>secum</strong></span> <span class='ocrx_word' id='word_1_956' title='bbox 2350 4223 2645 4278; x_wconf 79' lang='lat' dir='ltr'><strong>colhctctur</strong></span> <span class='ocrx_word' id='word_1_957' title='bbox 2674 4221 2725 4274; x_wconf 89' lang='lat' dir='ltr'><strong>in</strong></span> <span class='ocrx_word' id='word_1_958' title='bbox 2760 4221 2918 4275; x_wconf 90' lang='lat' dir='ltr'><strong>rebus</strong></span> <span class='ocrx_word' id='word_1_959' title='bbox 2943 4221 3209 4285; x_wconf 83' lang='lat' dir='ltr'><strong>secundis,</strong></span> <span class='ocrx_word' id='word_1_960' title='bbox 3241 4220 3293 4274; x_wconf 91' lang='lat' dir='ltr'><strong>in</strong></span> <span class='ocrx_word' id='word_1_961' title='bbox 3324 4222 3417 4274; x_wconf 90' lang='lat' dir='ltr'><strong>tri-</strong></span> 
     </span>
    </p>
   </div>
   <div class='ocr_carea' id='block_1_131' title="bbox 1838 4292 3419 4361">
    <p class='ocr_par' dir='ltr' id='par_1_131' title="bbox 1838 4292 3419 4361">
     <span class='ocr_line' id='line_1_131' title="bbox 1838 4292 3419 4361; baseline -0.004 -10"><span class='ocrx_word' id='word_1_962' title='bbox 1838 4297 2008 4351; x_wconf 89' lang='lat' dir='ltr'><strong>stibus</strong></span> <span class='ocrx_word' id='word_1_963' title='bbox 2032 4292 2402 4360; x_wconf 85' lang='lat' dir='ltr'><strong>contristetur;</strong></span> <span class='ocrx_word' id='word_1_964' title='bbox 2451 4294 2534 4347; x_wconf 92' lang='lat' dir='ltr'><strong>cui</strong></span> <span class='ocrx_word' id='word_1_965' title='bbox 2576 4300 2846 4361; x_wconf 88' lang='lat' dir='ltr'><strong>evaporet,</strong></span> <span class='ocrx_word' id='word_1_966' title='bbox 2884 4292 2928 4345; x_wconf 91' lang='lat' dir='ltr'><strong>si</strong></span> <span class='ocrx_word' id='word_1_967' title='bbox 2971 4292 3094 4361; x_wconf 90' lang='lat' dir='ltr'><strong>quid</strong></span> <span class='ocrx_word' id='word_1_968' title='bbox 3133 4293 3419 4345; x_wconf 91' lang='lat' dir='ltr'><strong>molestum</strong></span> 
     </span>
    </p>
   </div>
   <div class='ocr_carea' id='block_1_132' title="bbox 1838 4363 3420 4435">
    <p class='ocr_par' dir='ltr' id='par_1_132' title="bbox 1838 4363 3420 4435">
     <span class='ocr_line' id='line_1_132' title="bbox 1838 4363 3420 4435; baseline -0.006 -12"><span class='ocrx_word' id='word_1_969' title='bbox 1838 4382 1992 4423; x_wconf 91' lang='lat' dir='ltr'><strong>mens</strong></span> <span class='ocrx_word' id='word_1_970' title='bbox 2017 4366 2348 4435; x_wconf 87' lang='lat' dir='ltr'><strong>conceperit;</strong></span> <span class='ocrx_word' id='word_1_971' title='bbox 2380 4364 2464 4419; x_wconf 90' lang='lat' dir='ltr'><strong>cui</strong></span> <span class='ocrx_word' id='word_1_972' title='bbox 2486 4363 2862 4435; x_wconf 89' lang='lat' dir='ltr'><strong>communicet,</strong></span> <span class='ocrx_word' id='word_1_973' title='bbox 2886 4363 3081 4435; x_wconf 78' lang='lat' dir='ltr'><strong>siquid</strong></span> <span class='ocrx_word' id='word_1_974' title='bbox 3110 4372 3304 4435; x_wconf 60' lang='lat' dir='ltr'><strong>printer</strong></span> <span class='ocrx_word' id='word_1_975' title='bbox 3330 4376 3420 4435; x_wconf 82' lang='lat' dir='ltr'><strong>so-</strong></span> 
     </span>
    </p>
   </div>
   <div class='ocr_carea' id='block_1_133' title="bbox 1839 4431 3423 4502">
    <p class='ocr_par' dir='ltr' id='par_1_133' title="bbox 1839 4431 3423 4502">
     <span class='ocr_line' id='line_1_133' title="bbox 1839 4431 3423 4502; baseline -0.005 -9"><span class='ocrx_word' id='word_1_976' title='bbox 1839 4439 1988 4493; x_wconf 87' lang='lat' dir='ltr'><strong>litutn</strong></span> <span class='ocrx_word' id='word_1_977' title='bbox 2019 4431 2248 4491; x_wconf 85' lang='lat' dir='ltr'><strong>sublime</strong></span> <span class='ocrx_word' id='word_1_978' title='bbox 2272 4436 2356 4490; x_wconf 89' lang='lat' dir='ltr'><strong>vel</strong></span> <span class='ocrx_word' id='word_1_979' title='bbox 2388 4436 2613 4489; x_wconf 88' lang='lat' dir='ltr'><strong>livosum</strong></span> <span class='ocrx_word' id='word_1_980' title='bbox 2632 4434 2653 4465; x_wconf 79' lang='grc'><strong>³</strong></span> <span class='ocrx_word' id='word_1_981' title='bbox 2682 4431 2987 4488; x_wconf 77' lang='lat' dir='ltr'><strong>accesserit.</strong></span> <span class='ocrx_word' id='word_1_982' title='bbox 3031 4431 3115 4487; x_wconf 68' lang='lat' dir='ltr'><strong>Vae</strong></span> <span class='ocrx_word' id='word_1_983' title='bbox 3138 4432 3235 4486; x_wconf 86' lang='lat' dir='ltr'><strong>soli</strong></span> <span class='ocrx_word' id='word_1_984' title='bbox 3255 4471 3271 4496; x_wconf 90' lang='lat'><strong>,</strong></span> <span class='ocrx_word' id='word_1_985' title='bbox 3302 4434 3423 4502; x_wconf 86' lang='lat' dir='ltr'><strong>quia</strong></span> 
     </span>
    </p>
   </div>
   <div class='ocr_carea' id='block_1_134' title="bbox 1837 4502 3418 4585">
    <p class='ocr_par' dir='ltr' id='par_1_134' title="bbox 1837 4502 3418 4585">
     <span class='ocr_line' id='line_1_134' title="bbox 1837 4502 3418 4585; baseline -0.004 -22"><span class='ocrx_word' id='word_1_986' title='bbox 1837 4526 1951 4585; x_wconf 65' lang='lat' dir='ltr'><strong>cunt</strong></span> <span class='ocrx_word' id='word_1_987' title='bbox 1975 4507 2226 4585; x_wconf 66' lang='lat' dir='ltr'><strong>ceciderit,</strong></span> <span class='ocrx_word' id='word_1_988' title='bbox 2253 4523 2353 4561; x_wconf 86' lang='lat' dir='ltr'><strong>non</strong></span> <span class='ocrx_word' id='word_1_989' title='bbox 2374 4506 2518 4585; x_wconf 77' lang='lat' dir='ltr'><strong>habet</strong></span> <span class='ocrx_word' id='word_1_990' title='bbox 2538 4505 2875 4585; x_wconf 73' lang='lat' dir='ltr'><strong>sublevantem</strong></span> <span class='ocrx_word' id='word_1_991' title='bbox 2900 4520 2953 4585; x_wconf 84' lang='lat' dir='ltr'><strong>se</strong></span> <span class='ocrx_word' id='word_1_992' title='bbox 2982 4503 3173 4585; x_wconf 51' lang='lat' dir='ltr'><strong>(ls‘cclc.</strong></span> <span class='ocrx_word' id='word_1_993' title='bbox 3206 4519 3277 4585; x_wconf 57' lang='lat' dir='ltr'><strong>IV:</strong></span> 
     </span>
    </p>
   </div>
   <div class='ocr_carea' id='block_1_135' title="bbox 1838 4572 3423 4647">
    <p class='ocr_par' dir='ltr' id='par_1_135' title="bbox 1838 4572 3423 4647">
     <span class='ocr_line' id='line_1_135' title="bbox 1838 4572 3423 4647; baseline -0.006 -11"><span class='ocrx_word' id='word_1_994' title='bbox 1838 4580 1996 4636; x_wconf 89' lang='lat' dir='ltr'><strong>Solus</strong></span> <span class='ocrx_word' id='word_1_995' title='bbox 2024 4578 2241 4632; x_wconf 91' lang='lat' dir='ltr'><strong>omnino</strong></span> <span class='ocrx_word' id='word_1_996' title='bbox 2274 4588 2353 4633; x_wconf 90' lang='lat' dir='ltr'><strong>est</strong></span> <span class='ocrx_word' id='word_1_997' title='bbox 2376 4620 2391 4645; x_wconf 97' lang='lat'><strong>,</strong></span> <span class='ocrx_word' id='word_1_998' title='bbox 2420 4578 2507 4647; x_wconf 89' lang='lat' dir='ltr'><strong>qui</strong></span> <span class='ocrx_word' id='word_1_999' title='bbox 2534 4579 2651 4632; x_wconf 91' lang='lat' dir='ltr'><strong>sine</strong></span> <span class='ocrx_word' id='word_1_1000' title='bbox 2678 4576 2850 4647; x_wconf 86' lang='lat' dir='ltr'><strong>amico</strong></span> <span class='ocrx_word' id='word_1_1001' title='bbox 2876 4572 3079 4647; x_wconf 60' lang='lat' dir='ltr'><strong>est.&#39;Ai</strong></span> <span class='ocrx_word' id='word_1_1002' title='bbox 3104 4590 3223 4647; x_wconf 84' lang='lat' dir='ltr'><strong>quae</strong></span> <span class='ocrx_word' id='word_1_1003' title='bbox 3253 4572 3423 4628; x_wconf 86' lang='lat' dir='ltr'><strong>felici-</strong></span> 
     </span>
    </p>
   </div>
   <div class='ocr_carea' id='block_1_136' title="bbox 1838 4644 3424 4721">
    <p class='ocr_par' dir='ltr' id='par_1_136' title="bbox 1838 4644 3424 4721">
     <span class='ocr_line' id='line_1_136' title="bbox 1838 4644 3424 4721; baseline -0.003 -16"><span class='ocrx_word' id='word_1_1004' title='bbox 1838 4660 1937 4717; x_wconf 88' lang='lat' dir='ltr'><strong>tas,</strong></span> <span class='ocrx_word' id='word_1_1005' title='bbox 1968 4666 2086 4721; x_wconf 69' lang='lat' dir='ltr'><strong>quae</strong></span> <span class='ocrx_word' id='word_1_1006' title='bbox 2122 4650 2409 4721; x_wconf 85' lang='lat' dir='ltr'><strong>securitas,</strong></span> <span class='ocrx_word' id='word_1_1007' title='bbox 2438 4644 2556 4721; x_wconf 55' lang='lat' dir='ltr'><strong>quae</strong></span> <span class='ocrx_word' id='word_1_1008' title='bbox 2587 4646 2889 4721; x_wconf 84' lang='lat' dir='ltr'><strong>jucunditas</strong></span> <span class='ocrx_word' id='word_1_1009' title='bbox 2912 4653 3026 4721; x_wconf 79' lang='lat' dir='ltr'><strong>est,</strong></span> <span class='ocrx_word' id='word_1_1010' title='bbox 3064 4644 3261 4721; x_wconf 79' lang='lat' dir='ltr'><strong>habere</strong></span> <span class='ocrx_word' id='word_1_1011' title='bbox 3299 4660 3424 4721; x_wconf 81' lang='lat' dir='ltr'><strong>cum</strong></span> 
     </span>
    </p>
   </div>
   <div class='ocr_carea' id='block_1_137' title="bbox 1837 4716 3422 4793">
    <p class='ocr_par' dir='ltr' id='par_1_137' title="bbox 1837 4716 3422 4793">
     <span class='ocr_line' id='line_1_137' title="bbox 1837 4716 3422 4793; baseline -0.004 -17"><span class='ocrx_word' id='word_1_1012' title='bbox 1837 4716 1942 4793; x_wconf 90' lang='lat' dir='ltr'><strong>quo</strong></span> <span class='ocrx_word' id='word_1_1013' title='bbox 1977 4716 2127 4793; x_wconf 75' lang='lat' dir='ltr'><strong>aeque</strong></span> <span class='ocrx_word' id='word_1_1014' title='bbox 2154 4721 2352 4793; x_wconf 81' lang='lat' dir='ltr'><strong>audeas</strong></span> <span class='ocrx_word' id='word_1_1015' title='bbox 2384 4716 2560 4793; x_wconf 85' lang='lat' dir='ltr'><strong>loqui,</strong></span> <span class='ocrx_word' id='word_1_1016' title='bbox 2588 4716 2650 4774; x_wconf 80' lang='lat' dir='ltr'><strong>ut</strong></span> <span class='ocrx_word' id='word_1_1017' title='bbox 2670 4718 2803 4793; x_wconf 77' lang='lat' dir='ltr'><strong>tibi;</strong></span> <span class='ocrx_word' id='word_1_1018' title='bbox 2842 4716 2925 4771; x_wconf 93' lang='lat' dir='ltr'><strong>cui</strong></span> <span class='ocrx_word' id='word_1_1019' title='bbox 2944 4716 3191 4793; x_wconf 76' lang='lat' dir='ltr'><strong>confiteri</strong></span> <span class='ocrx_word' id='word_1_1020' title='bbox 3219 4731 3323 4793; x_wconf 78' lang='lat' dir='ltr'><strong>non</strong></span> <span class='ocrx_word' id='word_1_1021' title='bbox 3352 4717 3422 4769; x_wconf 90' lang='lat' dir='ltr'><strong>ti-</strong></span> 
     </span>
    </p>
   </div>
   <div class='ocr_carea' id='block_1_138' title="bbox 1837 4786 3420 4869">
    <p class='ocr_par' dir='ltr' id='par_1_138' title="bbox 1837 4786 3420 4869">
     <span class='ocr_line' id='line_1_138' title="bbox 1837 4786 3420 4869; baseline -0.004 -21"><span class='ocrx_word' id='word_1_1022' title='bbox 1837 4786 2068 4869; x_wconf 32' lang='lat' dir='ltr'><strong>meas,‘s’_i</strong></span> <span class='ocrx_word' id='word_1_1023' title='bbox 2098 4791 2221 4869; x_wconf 76' lang='lat' dir='ltr'><strong>quid</strong></span> <span class='ocrx_word' id='word_1_1024' title='bbox 2251 4786 2567 4869; x_wconf 71' lang='lat' dir='ltr'><strong>deliqueris;</strong></span> <span class='ocrx_word' id='word_1_1025' title='bbox 2598 4789 2682 4845; x_wconf 91' lang='lat' dir='ltr'><strong>cui</strong></span> <span class='ocrx_word' id='word_1_1026' title='bbox 2712 4804 2819 4869; x_wconf 73' lang='lat' dir='ltr'><strong>non</strong></span> <span class='ocrx_word' id='word_1_1027' title='bbox 2845 4788 3130 4869; x_wconf 77' lang='lat' dir='ltr'><strong>erubescas</strong></span> <span class='ocrx_word' id='word_1_1028' title='bbox 3154 4786 3420 4869; x_wconf 65' lang='lat' dir='ltr'><strong>revelare,</strong></span> 
     </span>
    </p>
   </div>
   <div class='ocr_carea' id='block_1_139' title="bbox 1836 4859 3422 4934">
    <p class='ocr_par' dir='ltr' id='par_1_139' title="bbox 1836 4859 3422 4934">
     <span class='ocr_line' id='line_1_139' title="bbox 1836 4859 3422 4934; baseline -0.006 -14"><span class='ocrx_word' id='word_1_1029' title='bbox 1836 4865 1891 4920; x_wconf 91' lang='lat' dir='ltr'><strong>in</strong></span> <span class='ocrx_word' id='word_1_1030' title='bbox 1935 4859 2299 4934; x_wconf 85' lang='lat' dir='ltr'><strong>spiritualibus</strong></span> <span class='ocrx_word' id='word_1_1031' title='bbox 2339 4859 2389 4916; x_wconf 87' lang='lat' dir='ltr'><strong>si</strong></span> <span class='ocrx_word' id='word_1_1032' title='bbox 2428 4861 2558 4932; x_wconf 93' lang='lat' dir='ltr'><strong>quid</strong></span> <span class='ocrx_word' id='word_1_1033' title='bbox 2616 4859 2939 4932; x_wconf 87' lang='lat' dir='ltr'><strong>profeceris;</strong></span> <span class='ocrx_word' id='word_1_1034' title='bbox 2988 4860 3070 4934; x_wconf 84' lang='lat' dir='ltr'><strong>cui</strong></span> <span class='ocrx_word' id='word_1_1035' title='bbox 3121 4859 3422 4934; x_wconf 78' lang='lat' dir='ltr'><strong>cordis___tui</strong></span> 
     </span>
    </p>
   </div>
   <div class='ocr_carea' id='block_1_140' title="bbox 1836 4927 3422 4997">
    <p class='ocr_par' dir='ltr' id='par_1_140' title="bbox 1836 4927 3422 4997">
     <span class='ocr_line' id='line_1_140' title="bbox 1836 4927 3422 4997; baseline -0.006 -6"><span class='ocrx_word' id='word_1_1036' title='bbox 1836 4927 2014 4991; x_wconf 85' lang='lat' dir='ltr'><strong>omnia</strong></span> <span class='ocrx_word' id='word_1_1037' title='bbox 2052 4943 2256 4989; x_wconf 89' lang='lat' dir='ltr'><strong>secreta</strong></span> <span class='ocrx_word' id='word_1_1038' title='bbox 2299 4927 2634 4997; x_wconf 60' lang='lat' dir='ltr'><strong>committas;</strong></span> <span class='ocrx_word' id='word_1_1039' title='bbox 2680 4940 2736 4987; x_wconf 88' lang='lat' dir='ltr'><strong>et</strong></span> <span class='ocrx_word' id='word_1_1040' title='bbox 2771 4931 3114 4986; x_wconf 89' lang='lat' dir='ltr'><strong>commendes</strong></span> <span class='ocrx_word' id='word_1_1041' title='bbox 3157 4927 3422 4984; x_wconf 81' lang='lat' dir='ltr'><strong>consilia?</strong></span> 
     </span>
    </p>
   </div>
   <div class='ocr_carea' id='block_1_141' title="bbox 1836 4998 3424 5082">
    <p class='ocr_par' dir='ltr' id='par_1_141' title="bbox 1836 4998 3424 5082">
     <span class='ocr_line' id='line_1_141' title="bbox 1836 4998 3424 5082; baseline -0.006 -22"><span class='ocrx_word' id='word_1_1042' title='bbox 1836 5006 1975 5082; x_wconf 82' lang='lat' dir='ltr'><strong>Quid</strong></span> <span class='ocrx_word' id='word_1_1043' title='bbox 2002 5006 2160 5076; x_wconf 90' lang='lat' dir='ltr'><strong>igitur</strong></span> <span class='ocrx_word' id='word_1_1044' title='bbox 2180 5004 2487 5082; x_wconf 68' lang='lat' dir='ltr'><strong>jucundius,</strong></span> <span class='ocrx_word' id='word_1_1045' title='bbox 2522 5019 2681 5082; x_wconf 79' lang='lat' dir='ltr'><strong>quam</strong></span> <span class='ocrx_word' id='word_1_1046' title='bbox 2706 5003 2779 5082; x_wconf 74' lang='lat' dir='ltr'><strong>ita</strong></span> <span class='ocrx_word' id='word_1_1047' title='bbox 2804 5002 2966 5082; x_wconf 89' lang='lat' dir='ltr'><strong>unire</strong></span> <span class='ocrx_word' id='word_1_1048' title='bbox 2984 5000 3219 5082; x_wconf 73' lang='lat' dir='ltr'><strong>animum</strong></span> <span class='ocrx_word' id='word_1_1049' title='bbox 3240 4998 3424 5082; x_wconf 44' lang='lat' dir='ltr'><strong>falte-</strong></span> 
     </span>
    </p>
   </div>
   <div class='ocr_carea' id='block_1_142' title="bbox 1836 5071 3424 5143">
    <p class='ocr_par' dir='ltr' id='par_1_142' title="bbox 1836 5071 3424 5143">
     <span class='ocr_line' id='line_1_142' title="bbox 1836 5071 3424 5143; baseline -0.006 -9"><span class='ocrx_word' id='word_1_1050' title='bbox 1836 5071 1976 5143; x_wconf 78' lang='lat' dir='ltr'><strong>ritts,</strong></span> <span class='ocrx_word' id='word_1_1051' title='bbox 2005 5071 2061 5133; x_wconf 75' lang='lat' dir='ltr'><strong>et</strong></span> <span class='ocrx_word' id='word_1_1052' title='bbox 2107 5071 2270 5131; x_wconf 85' lang='lat' dir='ltr'><strong>unum</strong></span> <span class='ocrx_word' id='word_1_1053' title='bbox 2297 5074 2514 5131; x_wconf 83' lang='lat' dir='ltr'><strong>et‘licere</strong></span> <span class='ocrx_word' id='word_1_1054' title='bbox 2537 5071 2605 5129; x_wconf 81' lang='lat' dir='ltr'><strong>de</strong></span> <span class='ocrx_word' id='word_1_1055' title='bbox 2646 5074 2885 5137; x_wconf 89' lang='lat' dir='ltr'><strong>duobus,</strong></span> <span class='ocrx_word' id='word_1_1056' title='bbox 2917 5081 2976 5127; x_wconf 94' lang='lat' dir='ltr'><strong>ut</strong></span> <span class='ocrx_word' id='word_1_1057' title='bbox 3006 5071 3153 5127; x_wconf 85' lang='lat' dir='ltr'><strong>nulla</strong></span> <span class='ocrx_word' id='word_1_1058' title='bbox 3169 5071 3424 5140; x_wconf 75' lang='lat' dir='ltr'><strong>iactantia</strong></span> 
     </span>
    </p>
   </div>
   <div class='ocr_carea' id='block_1_143' title="bbox 1838 5144 3424 5215">
    <p class='ocr_par' dir='ltr' id='par_1_143' title="bbox 1838 5144 3424 5215">
     <span class='ocr_line' id='line_1_143' title="bbox 1838 5144 3424 5215; baseline -0.007 -12"><span class='ocrx_word' id='word_1_1059' title='bbox 1838 5150 2106 5215; x_wconf 88' lang='lat' dir='ltr'><strong>timeatur,</strong></span> <span class='ocrx_word' id='word_1_1060' title='bbox 2149 5147 2293 5201; x_wconf 90' lang='lat' dir='ltr'><strong>nulla</strong></span> <span class='ocrx_word' id='word_1_1061' title='bbox 2334 5146 2648 5201; x_wconf 87' lang='lat' dir='ltr'><strong>formidetur</strong></span> <span class='ocrx_word' id='word_1_1062' title='bbox 2691 5144 2952 5215; x_wconf 89' lang='lat' dir='ltr'><strong>suspicio;</strong></span> <span class='ocrx_word' id='word_1_1063' title='bbox 3004 5157 3103 5215; x_wconf 80' lang='lat' dir='ltr'><strong>nec</strong></span> <span class='ocrx_word' id='word_1_1064' title='bbox 3138 5146 3424 5215; x_wconf 75' lang='lat' dir='ltr'><strong>correptus</strong></span> 
     </span>
    </p>
   </div>
   <div class='ocr_carea' id='block_1_144' title="bbox 1835 5210 3425 5293">
    <p class='ocr_par' dir='ltr' id='par_1_144' title="bbox 1835 5210 3425 5293">
     <span class='ocr_line' id='line_1_144' title="bbox 1835 5210 3425 5293; baseline -0.006 -17"><span class='ocrx_word' id='word_1_1065' title='bbox 1835 5221 1971 5293; x_wconf 81' lang='lat' dir='ltr'><strong>alter</strong></span> <span class='ocrx_word' id='word_1_1066' title='bbox 1997 5220 2065 5293; x_wconf 86' lang='lat' dir='ltr'><strong>ab</strong></span> <span class='ocrx_word' id='word_1_1067' title='bbox 2090 5210 2257 5293; x_wconf 74' lang='lat' dir='ltr'><strong>altero</strong></span> <span class='ocrx_word' id='word_1_1068' title='bbox 2284 5217 2496 5293; x_wconf 78' lang='lat' dir='ltr'><strong>doleat;</strong></span> <span class='ocrx_word' id='word_1_1069' title='bbox 2539 5231 2638 5272; x_wconf 91' lang='lat' dir='ltr'><strong>uec</strong></span> <span class='ocrx_word' id='word_1_1070' title='bbox 2681 5210 2985 5293; x_wconf 19' lang='lat' dir='ltr'><strong>laiudaniem</strong></span> <span class='ocrx_word' id='word_1_1071' title='bbox 3027 5210 3425 5293; x_wconf 46' lang='lat' dir='ltr'><strong>alteraltemm</strong></span> 
     </span>
    </p>
   </div>
   <div class='ocr_carea' id='block_1_145' title="bbox 1835 5279 3425 5360">
    <p class='ocr_par' dir='ltr' id='par_1_145' title="bbox 1835 5279 3425 5360">
     <span class='ocr_line' id='line_1_145' title="bbox 1835 5279 3425 5360; baseline -0.008 -12"><span class='ocrx_word' id='word_1_1072' title='bbox 1835 5290 2155 5348; x_wconf 85' lang='lat' dir='ltr'><strong>adulationis</strong></span> <span class='ocrx_word' id='word_1_1073' title='bbox 2200 5295 2355 5346; x_wconf 89' lang='lat' dir='ltr'><strong>notet</strong></span> <span class='ocrx_word' id='word_1_1074' title='bbox 2388 5279 2492 5345; x_wconf 75' lang='lat' dir='ltr'><strong>vel</strong></span> <span class='ocrx_word' id='word_1_1075' title='bbox 2516 5286 2746 5360; x_wconf 78' lang='lat' dir='ltr'><strong>arguat?</strong></span> <span class='ocrx_word' id='word_1_1076' title='bbox 2780 5286 3017 5354; x_wconf 80' lang='lat' dir='ltr'><strong>Amicus,</strong></span> <span class='ocrx_word' id='word_1_1077' title='bbox 3064 5282 3140 5338; x_wconf 90' lang='lat' dir='ltr'><strong>ait</strong></span> <span class='ocrx_word' id='word_1_1078' title='bbox 3177 5279 3425 5352; x_wconf 81' lang='lat' dir='ltr'><strong>Sapiens,</strong></span> 
     </span>
    </p>
   </div>
   <div class='ocr_carea' id='block_1_146' title="bbox 1898 5460 2405 5523">
    <p class='ocr_par' dir='ltr' id='par_1_146' title="bbox 1898 5460 2405 5523">
     <span class='ocr_line' id='line_1_146' title="bbox 1898 5460 2405 5523; baseline -0.002 -8"><span class='ocrx_word' id='word_1_1079' title='bbox 1898 5463 1920 5501; x_wconf 76' lang='grc' dir='ltr'>ί</span> <span class='ocrx_word' id='word_1_1080' title='bbox 1954 5460 2202 5523; x_wconf 84' lang='lat' dir='ltr'><strong>Aelredus,</strong></span> <span class='ocrx_word' id='word_1_1081' title='bbox 2225 5476 2405 5515; x_wconf 77' lang='lat' dir='ltr'><strong>senm.</strong></span> 
     </span>
    </p>
   </div>
   <div class='ocr_carea' id='block_1_147' title="bbox 1898 5523 2947 5590">
    <p class='ocr_par' dir='ltr' id='par_1_147' title="bbox 1898 5523 2947 5590">
     <span class='ocr_line' id='line_1_147' title="bbox 1898 5523 2947 5590; baseline -0.004 -14"><span class='ocrx_word' id='word_1_1082' title='bbox 1898 5530 1921 5562; x_wconf 74' lang='grc' dir='ltr'>ι</span> <span class='ocrx_word' id='word_1_1083' title='bbox 1953 5525 2086 5590; x_wconf 75' lang='lat' dir='ltr'><strong>Apud</strong></span> <span class='ocrx_word' id='word_1_1084' title='bbox 2109 5525 2385 5590; x_wconf 58' lang='lat' dir='ltr'><strong>aelredum,</strong></span> <span class='ocrx_word' id='word_1_1085' title='bbox 2406 5523 2604 5577; x_wconf 82' lang='lat' dir='ltr'><strong>interior</strong></span> <span class='ocrx_word' id='word_1_1086' title='bbox 2625 5534 2740 5575; x_wconf 72' lang='lat' dir='ltr'><strong>mox</strong></span> <span class='ocrx_word' id='word_1_1087' title='bbox 2761 5534 2947 5575; x_wconf 59' lang='lat' dir='ltr'><strong>misum</strong></span> 
     </span>
    </p>
   </div>
   <div class='ocr_carea' id='block_1_148' title="bbox 1900 5587 2528 5646">
    <p class='ocr_par' dir='ltr' id='par_1_148' title="bbox 1900 5587 2528 5646">
     <span class='ocr_line' id='line_1_148' title="bbox 1900 5587 2528 5646; baseline -0.002 -8"><span class='ocrx_word' id='word_1_1088' title='bbox 1900 5592 1923 5625; x_wconf 82' lang='grc'><strong><em>³</em></strong></span> <span class='ocrx_word' id='word_1_1089' title='bbox 1953 5587 2204 5646; x_wconf 77' lang='lat' dir='ltr'><strong>Aelredus,</strong></span> <span class='ocrx_word' id='word_1_1090' title='bbox 2228 5587 2528 5639; x_wconf 82' lang='lat' dir='ltr'><strong>luminosum.</strong></span> 
     </span>
    </p>
   </div>
   <div class='ocr_carea' id='block_1_149' title="bbox 1902 5648 2595 5715">
    <p class='ocr_par' dir='ltr' id='par_1_149' title="bbox 1902 5648 2595 5715">
     <span class='ocr_line' id='line_1_149' title="bbox 1902 5648 2595 5715; baseline -0.001 -15"><span class='ocrx_word' id='word_1_1091' title='bbox 1902 5654 1920 5685; x_wconf 80' lang='grc' dir='ltr'>ι</span> <span class='ocrx_word' id='word_1_1092' title='bbox 1954 5651 2087 5715; x_wconf 82' lang='lat' dir='ltr'><strong>Apud</strong></span> <span class='ocrx_word' id='word_1_1093' title='bbox 2113 5650 2393 5715; x_wconf 77' lang='lat' dir='ltr'><strong>Aelredum,</strong></span> <span class='ocrx_word' id='word_1_1094' title='bbox 2417 5648 2595 5700; x_wconf 81' lang='lat' dir='ltr'><strong>animo.</strong></span> 
     </span>
    </p>
   </div>
   <div class='ocr_carea' id='block_1_150' title="bbox 1901 5711 2697 5780">
    <p class='ocr_par' dir='ltr' id='par_1_150' title="bbox 1901 5711 2697 5780">
     <span class='ocr_line' id='line_1_150' title="bbox 1901 5711 2697 5780; baseline -0.008 -14"><span class='ocrx_word' id='word_1_1095' title='bbox 1901 5715 1976 5780; x_wconf 91' lang='lat' dir='ltr'><strong>(a)</strong></span> <span class='ocrx_word' id='word_1_1096' title='bbox 1992 5711 2077 5767; x_wconf 71' lang='grc' dir='ltr'><strong>ἐχ</strong></span> <span class='ocrx_word' id='word_1_1097' title='bbox 2095 5712 2289 5765; x_wconf 83' lang='lat' dir='ltr'><strong>Aelredi</strong></span> <span class='ocrx_word' id='word_1_1098' title='bbox 2312 5712 2439 5765; x_wconf 86' lang='lat' dir='ltr'><strong>libro</strong></span> <span class='ocrx_word' id='word_1_1099' title='bbox 2460 5711 2697 5763; x_wconf 81' lang='lat' dir='ltr'><strong>secundo.</strong></span> 
     </span>
    </p>
   </div>
  </div>
