3860 6366
468 182 575 240 845

469 297 562 360 cit,
598 295 695 349 nisi
725 293 839 348 lirec
857 290 982 346 vilia
998 300 1051 346 et
1066 288 1479 360 contemptibilia
1508 286 1763 360 abjecerit
1783 287 1820 338 ί.
1843 283 2053 360 caven-

467 357 595 420 dum
627 375 709 419 cst
733 381 800 418 ne
822 364 1052 418 tenerior
1073 357 1295 415 aﬁ'ectus
1324 361 1555 429 majores
1578 357 1840 414 utilitates
1881 357 2054 429 impe-

469 438 599 502 diat,
633 437 757 493 dum
783 448 876 489 eos
898 447 1030 502 quos
1063 432 1306 503 ampliori
1331 428 1591 503 charitate
1623 428 2052 503 complectimur,

467 509 516 564 si
545 499 731 578 magna
761 519 883 574 spes
907 499 1108 559 fructus
1125 499 1388 578 uberioris
1414 502 1606 578 elucet,
1625 499 2055 578 nee_a_bseutare,

474 570 740 641 volunius,
769 570 871 630 nec
899 589 1142 630 onerare.
1171 573 1297 628 Haec
1317 582 1399 627 est
1423 573 1566 626 enim
1595 572 1823 626 amicitia
1848 570 2059 625 ordina-

472 660 542 708 ta.
575 657 630 703 ιιι
652 648 786 702 ratio
808 656 958 716 regat
981 644 1251 712 allectum,
1283 658 1382 699 nec
1411 653 1522 716 tam
1535 643 1669 716 quid
1693 643 1903 716 illorum
1930 657 2055 697 sua-

469 719 625 784 vitas,
657 733 813 787 quam
843 713 970 787 quid
989 716 1276 771 multorum
1296 723 1436 787 petat
1454 714 1671 778 utilitas,
1695 713 2050 768 attendamus.

468 789 567 859 Qui
599 785 942 857 semetipsum
964 801 1070 859 non
1090 795 1274 859 amat,
1310 785 1471 840 alium
1502 799 1682 859 amare
1712 799 1838 859 non
1861 792 2053 859 potest.

467 855 538 917 Se
585 869 760 916 autem
795 855 910 914 non
957 857 1145 928 diligit,
1175 858 1261 925 qui
1292 865 1448 925 turpe
1473 855 1783 928 aliquid_vel
1826 855 2053 910 inhone-

467 941 632 995 stum,
658 931 740 985 vel
769 947 797 983 a
829 945 886 985 se
925 926 1105 999 exigit,
1137 928 1218 982 vel
1251 928 1350 982 sibi
1379 928 1634 999 impertit.
1658 926 1901 999 Primum
1926 939 2053 999 ergo

470 1011 574 1064 est,
605 1011 663 1055 ut
695 996 1038 1069 semetipsum
1081 999 1304 1068 quisque
1347 998 1624 1069 earsgtiiicet,
1658 996 1788 1069 nihil
1841 996 2056 1069 sibimet

470 1072 753 1141 indulgens
783 1067 923 1142 quod
956 1067 1230 1142 indecens
1260 1070 1349 1131 sit,
1374 1067 1504 1142 nihil
1546 1067 1869 1142 subtrahens
1915 1067 2054 1142 quod

468 1143 602 1198 utile
627 1137 716 1197 sit.
767 1137 873 1197 Sed
901 1142 1020 1210 quia
1054 1141 1137 1193 liic
1167 1154 1317 1194 amor
1358 1137 1554 1210 multos
1578 1138 1805 1210 diligit’,
1831 1143 1904 1210 ex
1929 1138 2057 1210 ipsis

466 1214 629 1282 eligat
655 1228 809 1283 quem
834 1208 1195 1266 adamicitia:
1245 1217 1450 1264 secreta
1501 1209 1617 1283 lege
1663 1208 1909 1283 familiari
1961 1209 2057 1261 ad-

467 1278 683 1350 miilat,
728 1284 779 1339 in
834 1298 990 1351 quem
1038 1283 1252 1350 copiose
1296 1295 1450 1334 suum
1489 1278 2051 1351 infundataffectum,

466 1349 746 1409 denudans
795 1349 979 1424 pectus
1033 1349 1188 1408 suum
1245 1366 1413 1424 usque
1439 1349 1504 1404 ad
1547 1349 1933 1424 inSpectionem
1972 1350 2055 1402 vi-

469 1441 719 1490 scerum,
769 1421 1157 1489 medullarum,
1203 1422 1526 1492 eogitatuum
1583 1431 1636 1476 et
1674 1421 2054 1492 rintentionum

472 1495 670 1551 cordis.
701 1494 816 1550 Non
848 1496 1070 1566 eligatur
1099 1491 1391 1566 secundum
1421 1491 1736 1566 adectionis,
1759 1492 2052 1566 lasciviam,

472 1568 567 1621 sed
621 1563 939 1621 secunduni'
964 1565 1343 1634 perspicaciam
1383 1563 1613 1634 rationis
1651 1563 2054 1634 similitudinem

466 1651 699 1704 morum,
715 1648 766 1692 et
785 1633 1285 1705 contemplationem
1302 1635 1576 1705 virtutum.
1597 1633 1686 1688 Sic
1710 1649 1768 1688 sc
1785 1633 2057 1703 impendat

464 1709 660 1774 amico,
689 1716 746 1762 ut
773 1709 957 1762 levitas
983 1704 1155 1761 omnis
1171 1705 1328 1771 absit,
1353 1704 1659 1775 iucunditas
1678 1705 1834 1770 adsit,
1854 1719 1952 1759 nec
1968 1718 2058 1758 or-

466 1777 648 1831 dinata
689 1776 865 1832 desint
891 1777 1275 1832 benevolentia:
1305 1784 1359 1830 et
1384 1775 1659 1830 eliaritatis
1685 1775 1939 1845 obsequia
1969 1775 2055 1828 vel

464 1846 665 1902 ofﬁcia.
719 1848 980 1903 Probetur
1026 1846 1160 1903 ﬁdes
1204 1846 1340 1916 ejus,
1388 1846 1638 1901 honestas
1671 1853 1738 1916 et
1777 1845 2051 1916 patientia.

465 1917 704 1974 Accedat
727 1917 1020 1974 amicorum
1044 1915 1390 1974 consiliorum
1412 1915 1742 1984 communio,
1771 1915 2054 1972 assiduitas

531 2073 550 2136 ξ
585 2068 1111 2136 Aclredtls,

530 2133 553 2165 ι
584 2134 724 2197 Alias.

1920 173 2281 230 Al’l’ENDlX.
3620 195 3706 254 ω

2201 291 2372 364 arium
2399 293 2712 358 studiormn,
2757 292 3069 364 etquredam
3099 293 3444 352 conformatio
3471 298 3695 360 vultuum.

2193 371 2239 415 ta
2276 363 2476 417 electus
2517 376 2570 418 et
2595 363 2858 434 probatus
2875 366 3003 418 nihil
3029 364 3155 418 velit
3180 366 3314 434 quod
3338 367 3611 435 dedeceat,
3634 378 3701 430 vel

2161 442 2345 503 petere
2364 435 2430 487 ab
2458 435 2648 498 amico,
2668 436 2750 488 vel
2769 444 3021 502 praestare
3047 446 3288 506 rogatus.
3311 437 3602 495 Amicitiam
3619 447 3707 499 vir-

2162 514 2328 582 tutem
2359 515 2546 582 putare
2566 506 2605 570 ί,
2647 520 2756 582 non
2784 514 3042 582 qumstum
3066 524 3112 582 ;_
3131 506 3490 582 adulationem
3536 509 3705 582 fugere,

2161 576 2416 652 detestari
2432 577 2844 652 assentationem
2865 592 2880 641 ;
2903 579 2924 609 ³
2947 576 3150 652 liberin
3173 576 3517 652 discretione,
3539 576 3708 652 pa'tiens

2161 649 2213 702 in
2243 649 2602 717 correptione,
2649 646 2833 701 ﬁrmus
2869 656 2924 702 et
2951 649 3154 702 stabilis
3183 649 3234 702 in
3261 646 3582 706 dilectione:
3605 658 3707 713 utile

2162 728 2286 774 tunc
2308 720 2488 792 dolere
2519 733 2614 787 pro
2637 719 2878 792 invicem,
2906 717 3168 792 laborare,
3202 733 3364 792 onera
3384 736 3481 776 sua
3506 735 3701 792 portare,

2163 805 2260 860 pro
2284 791 2453 845 altero
2480 791 2821 858 semetipsum
2855 790 3142 860 negligere,
3173 790 3393 845 alterius
3421 790 3705 854 voluntatem

2161 875 2272 915 suae
2293 860 2565 929 praeferre,
2611 861 2752 914 illius
2801 862 3103 914 necessitati
3141 863 3308 930 magis
3343 878 3504 932 quam
3525 879 3622 920 sua
3638 883 3707 924 oc-

2160 945 2398 1005 Quprer-e,
2425 933 2664 1005 adversis
2690 933 3035 1000 semetipsum
3061 945 3331 1005 opponere
3352 944 3409 987 et
3435 949 3703 1005 exponere;

2160 1001 2349 1057 dulce'
2376 1002 2440 1056 ad
2463 1003 2685 1056 invicem
2704 1006 2982 1075 conferre,
3012 1003 3181 1075 studia
3213 1018 3306 1056 sua
3331 1001 3522 1058 mutuo
3539 1001 3708 1075 patera;

2161 1088 2301 1128 cere.
2333 1075 2551 1128 Accedit
2577 1089 2675 1144 pro
2702 1073 2927 1128 invicem
2959 1074 3151 1144 oratio,
3183 1088 3302 1142 quae
3339 1076 3388 1128 in
3429 1073 3580 1130 amici
3622 1095 3709 1135 me-

2161 1147 2331 1217 moria
2357 1154 2503 1217 tanto
2525 1143 2813 1217 efﬁcacius,
2839 1153 3038 1214 quanto
3056 1143 3400 1217 aﬂ'ectuosius
3427 1146 3708 1217 admittitur,

2161 1215 2548 1284 proﬁuentibus
2587 1216 2856 1286 lacrymis,
2901 1230 3033 1284 quas
3066 1215 3363 1286 velitimor
3395 1220 3610 1286 excutit,
3650 1215 3712 1276 vel

2159 1286 2380 1341 aﬁ‘cctus
2430 1286 2571 1341 elicit
2616 1285 2711 1340 vel
2744 1286 2897 1340 dolor
2938 1286 3137 1340 educit.
3170 1285 3245 1340 Ita
3275 1303 3370 1356 pro
3395 1289 3568 1344 amico
3591 1285 3714 1347 Orans

2161 1356 2450 1423 Christum,
2480 1358 2650 1427 ipsum
2681 1355 3048 1411 desideranter
3075 1365 3130 1412 et
3154 1355 3442 1427 diligenter
3477 1361 3706 1416 intendit:

2158 1442 2280 1503 cum
2307 1429 2486 1503 subito
2529 1428 2795 1503 transiens
2825 1427 3047 1482 aﬁ‘ectus
3088 1428 3144 1503 in
3175 1427 3448 1503 edoctum,
3499 1441 3547 1484 et
3585 1434 3713 1503 ipsius

2160 1499 2356 1572 Christi
2401 1499 3034 1572 dulcedinemtangeus,
3087 1499 3291 1572 incipit_
3320 1511 3539 1569 gustare
3587 1499 3711 1572 quam

2158 1569 2332 1624 dulcis
2377 1581 2478 1634 est,
2531 1579 2586 1625 et
2627 1570 2826 1623 sentire
2854 1583 3010 1638 quam
3041 1569 3235 1623 suavis.
3270 1568 3347 1624 Ita
3375 1587 3402 1622 a
3433 1568 3611 1627 sancto
3644 1575 3713 1629 illo

2159 1656 2362 1707 amore,
2393 1657 2497 1710 quo
2547 1641 2882 1709 amplectitur
2911 1640 3162 1704 amicum,
3210 1640 3279 1694 ad
3322 1641 3472 1696 illum
3500 1657 3712 1700 conscen~

2160 1713 2293 1838 ‘deus
2317 1727 2421 1781 quo
2445 1711 2784 1792 amplectitur
2813 1711 3107 1779 Christum,
3139 1712 3478 1782 spiritualem
3500 1717 3708 1771 amicitia:

2183 1792 2390 1838 ructum
2412 1792 2569 1838 canit.

2183 1792 2390 1839 'ructum
2412 1792 2569 1851 capit.

2275 1988 2408 2094 1λὲᾕὲ
2448 1979 2860 2094 ’Ἐξαπὶιενὶι
3182 1991 3299 2032 eum
3318 1979 3540 2033 uirtutem
3555 1985 3710 2046 pum.

2278 2053 2425 2105 Adde,
2448 2053 2774 2104 inventusque.

2277 2106 2426 2167 Aelr.,
2448 2119 2593 2170 quant
2609 2102 2753 2156 dulce
2781 2103 2975 2157 habent.

465 2253 3700 2280 Mm

1757 2347 2402 2426 ADMONITIO

1269 2513 1354 2576 IN
1380 2511 1686 2578 LIBRUM
1725 2511 1831 2576 DE
1873 2508 2377 2576 SUBSTANTIA
2417 2504 2948 2570 DILECTIONIS.

1936 2635 2320 2717 ψ

530 2811 752 2866 Constat
771 2809 872 2866 iste
895 2808 1106 2866 libellus
1132 2805 1401 2878 Opusculis
1427 2805 1481 2860 in
1505 2819 1670 2861 unum
1699 2802 1934 2859 confusis
1963 2800 2190 2868 duobus’,
2223 2815 2342 2872 quae
2372 2799 2425 2855 in
2448 2797 2660 2868 scriptis
2677 2797 2827 2855 libris
2855 2813 2961 2854 non
2987 2797 3065 2854 sic
3095 2798 3212 2855 loco
3233 2799 3713 2874 junguntur,quina

459 2918 522 2959 se
546 2901 773 2958 invicem
795 2916 894 2957 suo
920 2902 1106 2958 saltem
1133 2900 1354 2972 praeﬁxo
1373 2897 1569 2969 cuique
1591 2896 1742 2953 titulo
1772 2905 2105 2966 separentur.
2131 2892 2458 2964 Opusculum
2480 2892 2734 2962 primum,
2761 2893 2846 2948 cui
2874 2891 3060 2949 titulus
3083 2901 3186 2960 est,
3215 2893 3298 2949 De
3325 2894 3624 2950 Substcntia
3645 2895 3719 2949 Di-

461 2993 686 3048 !ectiouis
705 3033 722 3060 ,
749 2991 946 3048 desinit
968 2991 1036 3046 ad
1060 2991 1244 3046 ultima
1268 2990 1431 3045 verba
1455 2988 1646 3060 capitis
1671 2987 1876 3058 quarti,
1913 2995 1967 3041 et
1991 2984 2275 3056 Augustini
2296 2998 2419 3037 raro
2456 2983 2778 3050 admodum“,
2814 2983 3052 3066 Hugonis
3081 2994 3260 3040 autem
3302 2987 3619 3058 plerumque
3640 3002 3717 3043 no-

459 3100 585 3142 men
607 3085 659 3139 in
690 3084 816 3140 Mss.
849 3083 1239 3154 exemplaribus
1265 3082 1481 3153 praefert
1503 3098 1518 3136 :
1541 3088 1596 3137 et
1615 3093 1746 3137 sane
1770 3086 1942 3136 exstat
1961 3078 2098 3133 inter
2128 3090 2290 3147 opera
2310 3077 2525 3132 nomine
2543 3076 2780 3147 Hugonis
2806 3077 3018 3148 vulgata
3039 3118 3053 3143 ,
3072 3077 3209 3134 libro
3240 3080 3457 3135 scilicet
3487 3091 3718 3148 assutum,

458 3177 549 3247 qui
578 3175 892 3247 appellatur,
917 3174 1279 3230 lnstitutiones
1296 3174 1574 3230 catholicae
1599 3174 1653 3230 in
1676 3171 2013 3240 Decalogum.
2030 3169 2274 3226 Alterura
2303 3169 2621 3238 opusculum
2643 3170 2710 3226 ab
2731 3169 2836 3226 illis
2849 3171 3028 3226 verbis
3056 3172 3246 3242 capitis
3272 3173 3452 3243 quinti
3477 3175 3722 3244 incipiens,

466 3269 582 3324 Vita
605 3269 772 3324 cordis
796 3283 942 3323 amor
960 3276 1051 3335 est,
1076 3276 1204 3333 etc.,
1227 3266 1440 3322 titulum
1466 3267 1584 3322 sine
1612 3265 1848 3321 auctoris
1873 3263 2089 3318 nomine
2119 3261 2260 3318 hunc
2279 3262 2364 3317 vel
2389 3262 2621 3317 similem
2652 3263 2809 3318 habet
2834 3280 2846 3316 :
2874 3262 3025 3329 Quod
3048 3265 3153 3318 vita
3173 3266 3346 3321 cordis
3371 3269 3438 3321 sit
3455 3282 3602 3321 artior.
3628 3268 3724 3322 Hoc

455 3363 616 3418 etiam
636 3377 758 3420 cum
784 3360 1035 3431 operibus
1064 3359 1303 3431 Hugonis
1330 3359 1530 3415 editum
1558 3366 1641 3414 est
1669 3357 1720 3412 in
1741 3357 1836 3413 lib.
1875 3358 1900 3411 l
1933 3355 2416 3423 Miscellaneornm,
2438 3355 2519 3410 tit.
2552 3355 2654 3411 170
2673 3356 2756 3413 vel
2776 3357 2871 3412 171
2898 3357 3263 3415 eruditiouum
3306 3361 3718 3432 theologicarum,

458 3451 722 3514 Nonnulla
751 3454 807 3507 in
834 3450 938 3506 hoc
959 3450 1139 3506 libello
1165 3449 1338 3521 carpit
1358 3448 1660 3506 Bernardus
1686 3446 1982 3518 Vindingus
1994 3447 2048 3502 in
2059 3446 2262 3502 Critico
2286 3447 2703 3519 Augustiniano,
2726 3450 2821 3505 sed
2847 3464 2967 3520 quae
2998 3465 3128 3508 sane
3160 3451 3304 3508 haud
3323 3454 3491 3508 aliena
3514 3461 3634 3508 sunt
3655 3453 3719 3508 ab

461 3545 682 3617 llugone
712 3543 1000 3600 Victorino.
1030 3541 1163 3598 lllud
1183 3583 1198 3608 ,
1221 3542 1452 3613 exempli
1477 3541 1645 3614 gratia
1663 3582 1680 3610 ,
1711 3539 1854 3612 quod
1878 3553 2104 3596 censura
2131 3538 2352 3611 dignum
2374 3547 2550 3610 putat,
2575 3540 2698 3611 quia
2727 3540 2923 3596 dicitur
2939 3541 3078 3598 Deus
3103 3554 3342 3614 operatus
3364 3559 3517 3616 opera
3540 3553 3722 3599 restau-

453 3639 666 3694 rationis
691 3639 926 3693 humana:
943 3637 1129 3708 partim
1154 3653 1243 3708 per
1261 3636 1504 3701 homines,
1535 3634 1719 3705 partim
1743 3650 1834 3706 per
1852 3633 2080 3706 angelos,
2103 3633 2289 3705 partim
2325 3648 2412 3704 per
2435 3633 2788 3703 satietipsum,
2815 3633 3094 3706 aliquoties
3124 3637 3319 3707 repetit
3343 3636 3499 3710 [Iugo
3526 3639 3574 3691 in
3603 3636 3718 3690 libro

453 3729 490 3784 4
523 3728 592 3783 de
618 3729 754 3784 Area
779 3727 990 3796 morali,
1015 3741 1168 3798 capp.
1193 3728 1247 3794 5,
1270 3726 1324 3793 5,
1355 3725 1410 3794 9,
1437 3733 1491 3780 et
1513 3725 1566 3779 in
1585 3723 1678 3780 lib.
1700 3724 1736 3779 2
1764 3716 1832 3781 de
1855 3724 2102 3781 Vanitatc
2121 3723 2325 3791 mundi,
2352 3733 2459 3782 etc.
2485 3723 2766 3782 Postremo
2785 3725 3110 3784 Trithemius
3135 3728 3304 3786 abbas
3331 3728 3480 3787 inter
3509 3730 3721 3802 ligonis

457 3833 620 3892 opera
646 3827 832 3876 censet
858 3818 1051 3874 librum
1081 3817 1150 3872 de
1169 3816 1476 3872 Substantia
1503 3813 1830 3871 Dilectionis.

487 4255 490 4258 _
627 4045 901 4190 DE
965 4040 2220 4194 SUBSTANTIA
2279 3983 3570 4202 DILECTIONIS

515 4343 535 4366 .-
811 4397 815 4401 ,
1598 4265 2072 4376 LIBER
2156 4265 2587 4377 U‘NUS.
3385 4379 3390 4384 .
3527 4273 3532 4275 ‘

1903 4453 2269 4511 πωπω

517 4587 742 4646 CAPUT
805 4582 1086 4640 PRIMUM.
1140 4580 1340 4636 Amoris
1384 4579 1484 4633 duo
1535 4576 1630 4632 rivi
1660 4615 1676 4642 ,
1717 4575 1938 4631 charitas
1995 4586 2041 4632 et

448 4660 718 4731 cupiditas.
746 4656 878 4731 Inde
900 4671 1052 4731 omne
1091 4651 1387 4731 bnonumhvet
1422 4646 1828 4731 iitalpmzuAmor
1871 4655 2039 4702 motus

448 4715 525 4786 esi
545 4746 676 4783 unus
697 4737 741 4782 et
768 4725 1075 4797 multiplex._
1101 4721 1477 4797 Quotidianu‘m
1510 4719 1578 4797 de
1606 4715 1891 4797 dilectione
1921 4731 2040 4797 ser-

445 4815 662 4858 monem
689 4787 933 4859 serimus,
959 4810 1025 4849 ne
1052 4787 1188 4847 forte
1204 4793 1220 4823 ί
1242 4791 1493 4846 scintillet
1509 4790 1560 4843 in
1578 4787 1826 4843 cordibus
1843 4789 2040 4845 nostris

445 4883 501 4928 et
530 4869 843 4926 exardescat
866 4867 1002 4936 ignis
1031 4865 1299 4918 ﬂammam
1316 4862 1525 4936 iaciens
1547 4901 1560 4923 ,
1591 4869 1684 4914 aut
1707 4867 1873 4914 totum
1903 4873 2038 4914 con-

445 4955 696 5007 sumens,
724 4948 814 4994 aut
839 4933 1072 5009 purgans
1098 4942 1286 4988 totum.
1315 4933 1393 5009 Et:
1410 4947 1474 4987 eo
1492 4944 1725 5009 namque
1747 4939 1915 4984 totum
1931 4938 2034 4997 est,

446 5011 589 5084 quod
618 5003 1208 5084 bonumcstfettotum
1236 5004 1376 5084 quod
1405 5003 1598 5084 malum
1628 5010 1728 5083 est,
1761 5017 1826 5056 ex
1849 5018 1934 5084 ed
1932 5011 2033 5057 est.

445 5071 596 5142 Unus
628 5082 744 5136 fons
770 5078 1070 5135 dilectionis
1096 5071 1461 5130 intus'saliens
1482 5116 1498 5140 ,
1526 5073 1660 5129 duos
1689 5074 1832 5127 rivos
1857 5071 2032 5138 eﬁ‘un-

445 5157 522 5211 dit
549 5174 561 5211 ε
595 5155 727 5209 alter
752 5161 834 5207 est
863 5166 1012 5204 amor
1042 5146 1224 5202 mundi
1249 5188 1263 5211 ,
1293 5145 1584 5215 cupiditas;
1614 5145 1747 5199 alter
1773 5154 1857 5199 est
1883 5158 2036 5200 amor

450 5228 541 5282 liei
563 5270 576 5291 ,
601 5225 856 5279 cliaritas.
889 5221 1116 5277 Medium
1141 5219 1335 5288 quippe
1361 5227 1444 5271 est
1462 5231 1556 5270 cor
1601 5217 1862 5291 hominis,
1893 5216 2034 5272 unde

446 5287 783 5351 inusamoris
808 5294 1071 5358 erumpit:
1097 5287 1290 5344 etcum
1331 5305 1427 5359 per
1455 5288 1746 5356 appetitum
1774 5287 1850 5359 ad,
1887 5297 2034 5342 exte-

445 5385 584 5424 t't-ira
615 5371 865 5426 decurrit,
887 5365 1147 5431 (‘lljiidilils
1177 5358 1396 5418 dicitur;
1417 5377 1534 5411 cum
1558 5377 1679 5412 vero
1708 5358 1874 5411 IIL‘Sidl
1896 5363 2027 5412 rium

443 5456 596 5495 suum
629 5440 692 5491 ad
727 5440 973 5491 interiora
1005 5435 1213 5502 dirigit,
1243 5433 1473 5487 citat-itas
1519 5434 1850 5485 nominatur.
1891 5431 2029 5499 Ergo

443 5511 552 5569 duo
579 5520 704 5567 sunt
740 5510 874 5576 rivi,
901 5509 990 5578 qui
1021 5507 1087 5562 de
1116 5505 1260 5561 fonte
1288 5505 1586 5560 dilectionis
1628 5512 1906 5568 emanant,
1938 5518 2028 5556 cu-

501 5665 536 5702 ‘
562 5665 696 5740 Apud
728 5674 853 5732 aug.
889 5663 1097 5730 additur,
1131 5673 1227 5714 non
1245 5654 1728 5715 animadvertetuibas
1751 5653 1898 5708 nobis.

2151 4577 2344 4659 piditas
2381 4585 2434 4659 et
2457 4577 2728 4659 clla-ritas:
2760 4588 2816 4635 et
2853 4579 3091 4659 omnium
3121 4582 3380 4659 malorum
3410 4585 3567 4659 radix
3589 4599 3721 4659 capt-

2145 4649 2282 4704 ditas
2304 4690 2318 4712 ,
2347 4658 2400 4705 et
2420 4650 2657 4706 omnium
2688 4651 2948 4725 bonorum
2976 4653 3128 4708 radix
3152 4653 3406 4712 eliaritas.
3438 4657 3523 4712 Ex
3548 4672 3614 4712 eo
3635 4649 3715 4725 igi—

2147 4729 2230 4774 tur
2258 4728 2422 4774 totum
2451 4731 2534 4775 est
2551 4762 2567 4787 ,
2591 4723 2736 4798 quod
2755 4723 2952 4798 bonum
2975 4733 3352 4798 estigrettotum
3370 4728 3518 4798 quod
3535 4723 3718 4783 malum

2143 4801 2350 4873 est,.e'x
2383 4806 2446 4844 eo
2466 4801 2575 4873 est.
2603 4793 2864 4864 Quidquid
2897 4810 3026 4864 ergo
3053 4796 3177 4851 illud
3205 4807 3320 4865 est,
3350 4793 3599 4873 magnum
3647 4805 3715 4873 est

2142 4861 2284 4940 quod
2316 4863 2369 4940 i_u
2394 4862 2548 4918 nobis
2577 4875 2689 4929 est;
2720 4861 2774 4919 et
2798 4881 2861 4919 ex
2885 4861 3144 4940 eo'totum
3170 4879 3281 4935 est,
3308 4861 3466 4940 quod
3485 4886 3552 4924 ex
3579 4869 3718 4923 nobis

2140 4936 2256 4986 est‘
2284 4952 2296 4987 :
2329 4933 2431 4988 huc
2465 4943 2640 4989 autem
2672 4946 2754 4990 est
2793 4951 2961 5009 amor.
2998 4938 3132 5003 Quid
3163 4949 3244 4994 est
3270 4933 3448 5005 amor,
3473 4951 3530 4994 et
3555 4955 3718 5009 quan-

2140 5011 2250 5058 tum
2296 5015 2379 5059 est
2418 5020 2589 5072 amor,
2638 5015 2730 5060 aut
2760 5007 2898 5060 unde
2922 5017 3004 5062 est
3023 5011 3215 5064 amor?
3241 5009 3314 5064 Et
3341 5026 3516 5065 sermo
3548 5007 3636 5065 Dei
3661 5011 3721 5062 de

2139 5089 2318 5152 amore
2361 5076 2610 5152 loquitur.
2646 5077 2909 5152 Numquid
2953 5078 3052 5136 hoc
3091 5083 3356 5150 negotium
3395 5097 3505 5135 non
3552 5082 3719 5152 potius

2138 5145 2348 5218 illorum
2371 5157 2452 5201 est
2470 5188 2484 5212 ,
2509 5149 2596 5216 qui
2621 5145 2924 5217 pudiciiiam
2953 5145 3269 5218 prostituere
3291 5145 3722 5208 consueverunt?

2139 5217 2275 5298 E‘ece
2292 5233 2450 5288 quam
2483 5219 2632 5272 multi
2663 5225 2756 5298 qui
2774 5220 2892 5298 ejus
2917 5217 3209 5298 ministeria
3237 5225 3256 5298 ξ·
3281 5225 3522 5298 volentes
3554 5224 3717 5277 susci-

2135 5292 2320 5358 piunt:
2347 5300 2400 5344 et
2420 5305 2578 5356 qliam
2610 5292 2757 5358 pauci
2789 5292 2876 5358 qui
2909 5294 3065 5344 verba
3093 5295 3206 5361 ejus
3236 5295 3284 5347 in
3326 5295 3566 5348 medium
3596 5313 3712 5357 pru-

2137 5361 2273 5414 l'en‘e
2297 5378 2397 5413 utili
2431 5364 2784 5415 ονιιὶωευιηιιῖ
2837 5363 2948 5424 ριιὶιί
2979 5384 3063 5431 (δικ.
3095 5389 3102 5404 ι
3133 5383 3225 5418 nm
3251 5369 3460 5418 [inclutus
3487 5373 3508 5414 2’
3537 5367 3715 5418 Fuist-

2135 5439 2224 5487 tau
2252 5435 2415 5487 multa
2448 5435 2784 5503 ἰιιιμιμιλιιίιιιε
2816 5438 3043 5488 frontem
3073 5441 3287 5490 {iactatu
3317 5438 3604 5503 habemus,
3629 5452 3709 5507 qut

2194 5591 2212 5621 ί
2249 5588 2377 5651 Apud
2402 5594 2540 5650 Hug.,
2566 5595 2691 5649 quod
2715 5593 2836 5638 mest
2857 5587 3007 5637 nobis.

2194 5654 2214 5686 ²
2247 5648 2326 5703 Ms.
2353 5648 2636 5718 Victorinus,
2661 5661 2716 5704 et
2733 5659 2888 5716 ungo,
2910 5648 3159 5716 mysteria.

2700 5909 2726 5929 β
