3860 6366
425 235 531 292 847

424 347 523 405 sed
549 347 816 403 miseriam
842 359 951 400 non
975 343 1230 400 excludit.
1258 342 1510 399 Feliciter
1534 353 1662 412 ergo
1686 354 1790 395 non
1813 338 2006 412 diligit,

425 420 597 475 donec
624 419 688 473 ad
718 433 899 472 verum
930 425 979 469 et
1008 432 1272 469 summum
1299 417 1494 470 bonum
1526 411 1620 481 per
1642 414 1839 465 amoris
1864 411 2008 463 desi-

425 491 633 546 derium
664 504 721 543 se
750 488 1030 542 convertit.
1076 487 1206 552 Quia
1252 500 1378 540 vero
1424 501 1688 539 summum
1731 495 1781 537 et
1823 498 2007 535 verum

423 561 623 616 bonum
654 560 792 613 Deus
821 568 902 611 est
929 558 1107 621 Solus,
1140 558 1229 611 ille
1268 556 1491 610 feliciter
1521 564 1690 620 amat,
1719 555 1806 623 qui
1844 555 2008 607 Dcmn

422 641 589 696 amat,
618 639 669 683 et
697 639 841 683 tanto
872 628 1075 683 felicius
1101 637 1299 697 quanto
1324 627 1568 694 amplius.
1602 626 1723 697 llatc
1753 625 1909 697 igitur
1929 632 2009 697 est

423 717 549 755 vera
576 693 753 753 cordis
779 698 947 753 nostri
975 693 1207 767 requies,
1236 714 1355 752 cum
1385 693 1437 751 in
1466 711 1647 749 amore
1673 695 1765 748 Dei
1794 710 1887 764 per
1912 693 2008 767 de-

424 771 679 826 siderium
713 770 918 839 ﬁgitur,
949 765 1206 824 ncc'ultra
1238 768 1535 839 quidquam
1565 766 1801 839 appetit,
1832 765 1923 818 sed
1956 765 2009 818 in

424 858 491 897 eo
519 841 657 912 quod
699 836 875 912 tenet,
918 840 1142 910 quadam
1188 839 1325 893 felici
1369 836 1653 912 securitate
1682 836 2006 912 delectatur.

423 905 556 982 Quia
584 912 724 966 enim
758 911 884 966 illud
915 905 1013 982 nec
1040 912 1304 982 appetitus
1332 909 1467 982 ultra
1500 906 1788 982 protrahit,
1822 921 1918 982 nec
1946 905 2012 982 t_i-

424 975 544 1037 mor
574 983 812 1051 repellit,
841 975 1270 1052 quodam'inodo
1309 981 1360 1052 in
1402 979 1627 1052 idipsum
1666 975 2011 1052 jucunditatis

424 1055 541 1108 sine
582 1046 874 1107 vexatione
904 1053 1206 1115 requiescit.
1248 1050 1350 1106 Sed
1387 1046 1509 1119 quia
1543 1049 1786 1102 humanae
1818 1046 2009 1119 mentis

425 1124 729 1187 inﬁrmitas,
758 1133 815 1178 ut
839 1139 942 1177 non
969 1122 1139 1177 dicam
1168 1117 1517 1190 semper,’sed
1541 1121 1627 1173 vix
1650 1117 1933 1190 aliquando
1956 1117 2010 1171 in

424 1194 570 1248 illam
608 1195 799 1249 divinae
828 1189 1293 1262 contemplationis
1321 1191 1653 1262 dulcedinem
1692 1189 1775 1258 figi
1812 1195 2007 1262 potest,

425 1265 655 1334 quodam
698 1265 908 1319 interim
949 1258 1125 1319 studio
1162 1264 1227 1317 ad
1269 1263 1443 1323 illam,
1474 1261 1738 1334 adquam
1784 1258 2009 1334 necdum

425 1328 727 1406 pertingere
760 1336 981 1403 sufﬁcit,
1011 1334 1348 1389 stabilitatem
1377 1330 1774 1385 assuefacienda
1799 1340 1924 1406 est:
1957 1328 2010 1383 id

426 1399 542 1472 est,
576 1399 629 1462 si
650 1407 814 1461 Deum
842 1399 1055 1474 semper
1081 1406 1311 1474 cogitare
1341 1419 1443 1457 non
1476 1416 1785 1474 possumus,
1818 1399 2009 1474 saltem

426 1470 534 1531 cor
548 1488 786 1532 nostrum
809 1477 877 1531 ab
899 1470 1095 1531 illicitis
1119 1470 1173 1530 et
1194 1475 1342 1529 vanis
1362 1472 1768 1544 cogitationibus
1789 1470 2012 1544 restrin-

424 1547 633 1617 genda.
669 1549 721 1601 in
756 1548 1180 1617 consideratione
1223 1541 1451 1614 operum
1486 1544 1663 1617 Deiet
1693 1541 2010 1617 mirabilium

426 1612 545 1686 Ejus
572 1617 1038 1681 illudteneamus;
1069 1625 1125 1671 ut
1148 1612 1273 1669 dum
1302 1630 1517 1686 semper
1536 1614 1710 1667 minus
1736 1612 2011 1686 instabiles

425 1683 546 1743 esse
576 1689 864 1756 satagimus
882 1730 896 1749 ,
932 1687 1146 1742 tandem
1175 1685 1459 1756 aliquando
1487 1684 1721 1739 donante
1749 1683 1858 1738 Deo
1886 1696 2012 1738 vere

425 1760 644 1813 stabiles
678 1759 787 1811 ﬁeri
818 1759 1113 1811 valeamus.

498 1827 724 1884 CAPUT
766 1828 874 1882 VII.
921 1828 1185 1894 Quomodo
1211 1826 1573 1896 comparanda.
1608 1825 1763 1879 Fides
1791 1825 1932 1878 navis
1958 1824 2013 1878 in

426 1899 579 1966 huius
625 1900 801 1954 mundi
842 1898 1098 1968 ﬂuctibus.
1151 1896 1298 1952 Unde
1344 1896 1670 1964 wdiﬁcanda.
1722 1896 2009 1968 Uttautem

424 1971 778 2039 promotionis
816 1965 973 2039 hujus
999 1968 1210 2038 aliquod
1243 1968 1335 2022 tibi
1365 1969 1687 2039 exemplum,
1708 1965 2007 2039 subjiciam,

425 2037 706 2094 universus
743 2041 842 2095 iste
883 2037 1111 2093 mundus
1139 2040 1289 2108 quasi
1319 2038 1581 2108 quoddam
1619 2037 1873 2091 diluvium
1906 2045 2007 2103 est,

424 2125 493 2165 eo
516 2111 657 2180 quod
685 2111 862 2165 omnia
890 2126 1009 2180 qum
1038 2110 1091 2164 in
1120 2110 1220 2164 hoc
1248 2109 1445 2180 mundo
1474 2118 1632 2175 sunt,
1659 2108 1733 2180 ad,
1763 2108 2012 2161 similitu-

424 2178 604 2251 dinem
634 2197 785 2251 aqua:
815 2178 1034 2237 incertis
1062 2181 1341 2236 eventibus
1379 2179 1680 2234 fluctuando
1705 2178 2010 2251 decurrant.

424 2250 563 2306 Vera
589 2248 764 2305 autem
792 2251 957 2319 ﬁdes,
996 2267 1117 2320 quas
1159 2267 1264 2304 non
1307 2251 1638 2316 transitoria,
1680 2248 1775 2304 sed
1813 2259 2012 2320 aeterna

424 2323 719 2445 promittit,
751 2321 907 2389 quasi
935 2337 965 2375 a
992 2318 1305 2391 quibusdam
1336 2321 1612 2382 ﬂuctibus,
1654 2320 1735 2373 sic
1770 2334 1800 2372 a
1831 2318 2013 2373 mundi

466 2392 585 2445 nius
613 2394 898 2445 cupiditate
927 2393 978 2445 in
1007 2406 1234 2445 suoerna
1270 2391 1501 2445 animum
1529 2390 1721 2444 attollit
1751 2407 1764 2443 :
1792 2399 1846 2444 et
1886 2404 2012 2445 Dor-

466 2392 585 2459 ujus
613 2394 898 2463 cupiditate
927 2393 978 2445 in
1003 2390 1234 2463 sttperna
1270 2391 1501 2445 animum
1529 2390 1721 2463 attollit
1751 2399 1846 2463 :Aet
1886 2404 2012 2458 por-

426 2464 527 2517 tari
554 2460 767 2531 quidem
798 2463 864 2517 ab
893 2461 1045 2531 aquis
1078 2460 1276 2528 potest,
1309 2464 1401 2514 sed
1443 2462 1605 2529 mergi
1647 2460 1867 2513 omnino
1907 2474 2011 2531 non

425 2529 634 2607 potest;
665 2532 796 2607 quia
809 2531 881 2607 ad
910 2529 1280 2607 necessitatem
1323 2531 1429 2607 hoc
1463 2530 1660 2607 nitmdo
1690 2531 1889 2607 utitur,
1919 2529 2013 2607 sed

2678 138 2778 152 η...

1872 222 2010 280 ΔΡΡῖ

2119 222 2240 280 )lX.
3585 230 3675 290 848

2115 341 2255 395 hunc
2283 338 2435 416 quasi
2464 337 2724 416 sine_navi
2749 337 3076 416 laborantem
3090 338 3448 416 _inlluctibus,
3471 341 3677 416 impetus

2113 427 2265 481 aquze
2294 410 2626 465 decurrentis
2655 425 2832 465 secum
2861 411 3040 465 trahit.
3078 412 3179 479 Qui
3208 428 3333 467 vero
3362 410 3560 470 aeterna
3583 435 3684 475 cre-

2114 482 2266 556 dens,
2302 482 2603 556 transitoria
2643 482 2956 556 diligit,thic
2975 483 3124 552 juxta
3157 499 3344 556 navem
3374 485 3683 556 naufragium

2114 552 2256 607 facit.
2287 554 2385 621 Qui
2412 562 2588 605 autem
2621 563 2816 624 aeterna
2846 553 2980 606 bona
3009 561 3062 607 et
3092 554 3282 616 credit,
3313 564 3365 607 et
3393 552 3589 624 diligit,
3614 560 3686 616 hic

2114 624 2167 677 in
2194 625 2312 678 navi
2343 624 2543 693 positus
2564 665 2579 696 ,
2614 622 2917 696 fluctuantis
2942 624 3106 696 maris
3133 625 3300 696 undas
3330 622 3553 682 securus
3582 646 3684 696 per-

2114 696 2304 748 transit
2345 712 2357 746 :
2400 703 2456 748 et
2498 694 2618 765 quia
2667 710 2761 765 per
2810 694 3135 765 desiderium
3172 695 3309 765 fidei
3362 711 3552 751 navem
3585 694 3687 757 non

2114 765 2530 831 transgreditur,
2557 763 2681 834 jam'
2698 763 2925 834 quodam
2968 768 3124 817 modo
3166 764 3218 819 in
3261 765 3514 822 fluctibus
3551 779 3687 827 terra:

2114 836 2460 891 stabilitatem
2488 835 2742 889 imitatur.
2774 835 3013 890 Primum
3037 852 3186 906 ergo,
3216 840 3258 890 si
3290 836 3391 891 hoc
3418 854 3568 894 mare
3591 857 3688 895 ma-

2113 920 2272 978 guum
2304 906 2451 960 illmsi
2480 905 2805 978 pertransire
2832 906 3109 978 volumus,
3140 908 3461 965 fahricrmus
3497 925 3686 978 navem,

2113 986 2174 1029 ut
2201 977 2356 1030 fidem
2387 978 2641 1046 integram
2673 975 2999 1040 habeamus;
3030 977 3222 1031 deinde
3254 994 3444 1033 ητινυιιι
3478 981 3593 1035 tidci
3620 975 3689 1036 in;

2114 1046 2413 1120 habitamus
2440 1062 2534 1116 per
2557 1046 2904 1120 charitatem,
2934 1056 2991 1102 ut
3018 1057 3069 1101 et
3097 1047 3381 1120 credamus
3411 1052 3558 1120 quod
3593 1052 3691 1106 dili-

2112 1132 2239 1192 gere
2268 1118 2559 1192 debemus,
2600 1125 2655 1192 et
2691 1117 2974 1192 diligamus
3011 1119 3151 1186 quod
3194 1117 3463 1192 credimus
3492 1139 3508 1175 :
3535 1123 3690 1192 sicque

2113 1198 2167 1243 et
2197 1190 2279 1243 lex
2307 1189 2400 1242 Dei
2433 1188 2484 1241 in
2510 1188 2671 1242 corde
2701 1199 2884 1263 nostro
2910 1190 2978 1244 sit
3000 1204 3098 1263 per
3122 1198 3285 1263 recta:
3308 1191 3427 1263 fidei
3454 1188 3691 1263 cognitio-

2113 1269 2345 1330 nem,et
2372 1273 2466 1330 cor
2495 1267 2734 1330 nostrum
2766 1259 2818 1314 in
2851 1259 2966 1330 lege
2996 1260 3087 1314 Dei
3119 1260 3191 1314 sit
3224 1276 3320 1330 per
3344 1259 3688 1319 dilectionem.

2182 1329 2288 1386 Sed
2319 1339 2375 1401 ut
2405 1329 2613 1384 facilius
2636 1329 2930 1400 cognoscas
2970 1329 3239 1400 quomodo
3272 1332 3353 1386 vel
3382 1333 3534 1387 unde
3559 1333 3690 1401 hanc,

2113 1416 2271 1527 quam
2313 1400 2454 1464 dixi,
2504 1416 2691 1455 navem
2735 1402 2816 1453 vel
2851 1416 3033 1456 arcam
3062 1402 3112 1455 in
3138 1401 3301 1458 corde
3327 1413 3417 1456 tuo
3445 1400 3693 1463 aediﬁcare

2151 1473 2331 1527 ebeas.
2362 1487 2455 1527 per
2477 1486 2636 1527 uitam
2666 1471 2824 1527 huius
2851 1472 3032 1526 diluvii
3062 1472 3339 1527 naufragio
3363 1473 3608 1527 eductus.
3633 1477 3689 1527 ad

2151 1473 2331 1535 ebeas,
2362 1487 2455 1540 per
2477 1486 2636 1541 quam
2666 1471 2824 1539 hujus
2851 1472 3032 1526 diluvii
3062 1472 3339 1543 naufragio
3363 1473 3608 1540 eductus,
3633 1477 3689 1532 ad

2116 1556 2324 1615 portum
2364 1543 2559 1612 quietis
2601 1543 2915 1615 pervenias;
2957 1543 3062 1597 duo
3092 1542 3377 1612 opera’Dei
3403 1547 3687 1615 considera,

2114 1613 2361 1684 videlicet
2409 1627 2543 1682 opus
2592 1612 2953 1679 conditionis,
3000 1622 3053 1668 et
3101 1628 3236 1684 Opus
3287 1612 3690 1672 restaurationis.

2115 1682 2260 1755 Opus
2288 1695 2464 1738 autem
2491 1684 2812 1739 conditionis
2839 1692 2921 1738 est
2946 1682 3149 1738 erratio
3176 1684 3298 1740 οωΙί
3334 1693 3385 1739 et
3420 1695 3603 1748 term,
3642 1696 3690 1742 et

2114 1755 2352 1836 omnium
2379 1770 2496 1822 qua:
2527 1756 2578 1808 in
2605 1755 2684 1809 eis
2708 1755 3068 1836 continentur,
3098 1771 3217 1836 quze
3244 1755 3549 1836 sexrdie‘bus
3562 1755 3683 1836 facta

2115 1835 2260 1881 sunt.
2293 1825 2440 1891 Opus
2471 1840 2597 1880 vero
2634 1825 3072 1891 restauratiouis,
3112 1824 3406 1879 incarnatio
3430 1824 3616 1892 V'erhi,
3637 1836 3687 1882 et

2115 1895 2293 1950 omnia
2321 1911 2440 1966 qua:
2466 1912 2493 1948 a
2526 1896 2784 1965 principio
2812 1894 2994 1950 mundi
3027 1910 3196 1965 usque
3226 1896 3291 1949 ad
3326 1895 3507 1962 finem,
3536 1898 3609 1951 vel
3633 1897 3694 1951 ad

2116 1982 2233 2022 eam
2260 1966 2717 2035 pramnotiandam
2746 1976 3155 2036 przrcesscrunt,
3187 1967 3269 2020 vel
3295 1966 3361 2020 ad
3388 1967 3564 2036 ipsam
3587 1983 3696 2023 con-

2118 2038 2429 2091 firmandam
2472 2048 2718 2092 secutura
2757 2047 2880 2092 sunt
2909 2055 2921 2091 :
2950 2052 3071 2107 qua:
3109 2039 3284 2091 omnia
3328 2052 3421 2092 sex
3472 2041 3697 2097 aetatibus

2117 2108 2268 2162 ﬁunt.
2294 2108 2418 2167 .Sed
2465 2124 2627 2175 Opera
2673 2109 3077 2162 restaurationis
3120 2108 3288 2177 magis
3334 2109 3607 2176 pertinent
3639 2110 3692 2166 ad

2116 2179 2276 2233 ﬁdem
2305 2178 2619 2234 catholicam
2641 2219 2655 2242 ,
2701 2194 2841 2249 qua}
2865 2178 3065 2233 idcirco
3107 2179 3274 2233 sancti
3314 2179 3557 2247 amplius
3593 2180 3695 2235 dili-

2116 2259 2265 2321 gunt,
2298 2250 2418 2319 quia
2449 2249 2501 2321 in
2530 2249 2609 2304 eis
2636 2248 2746 2321 stne
2772 2248 2959 2303 salutis
2983 2248 3215 2303 remedia
3240 2260 3569 2321 agnoscunt.
3592 2251 3692 2306 ﬂre

2116 2319 2295 2392 autem
2324 2320 2514 2389 partim
2548 2336 2640 2392 per
2666 2319 2928 2379 homines.
2959 2321 3149 2389 partim
3181 2335 3276 2388 per
3302 2320 3561 2389 Angelos,
3587 2337 3687 2392 par-

2117 2391 2211 2444 tim
2257 2407 2349 2459 per
2390 2391 2733 2461 Semetipsnm
2765 2397 3019 2460 operatus
3046 2391 3303 2461 estlteus
3342 2408 3357 2443 :
3396 2402 3460 2445 ut
3504 2392 3557 2444 in
3588 2391 3689 2445 arca

2117 2461 2379 2531 Spirituali
2413 2460 2678 2530 primasit
2707 2462 2913 2515 mansio
2943 2476 3102 2530 Opera
3136 2460 3410 2515 hominum
3436 2502 3453 2520 .
3482 2461 3691 2517 secunda

2118 2548 2283 2601 opera
2310 2533 2632 2600 Angelorum
2654 2574 2670 2597 ,
2704 2532 2858 2587 tertia
2887 2547 3049 2600 opera
3080 2531 3206 2600 Dei,
3238 2546 3529 2602 supremus
3568 2533 3692 2587 cubi-

425 2601 545 2669 ojus
571 2602 851 2656 desideriis
891 2618 984 2671 per
1008 2602 1255 2656 affectum
1284 2617 1388 2656 non
1418 2602 1734 2671 implicatur.
1763 2601 2015 2670 Quisquis

426 2684 556 2742 ergo
581 2682 778 2727 azterna
804 2688 909 2727 non
934 2672 1179 2737 credens,
1208 2673 1322 2727 sola
1346 2688 1466 2742 qua:
1493 2680 1769 2728 transeunt
1787 2671 2010 2743 appetit,

2119 2612 2226 2669 ttts,
2258 2612 2445 2659 auctor
2479 2603 2847 2659 universorum
2878 2603 3040 2658 Deus.

1526 2893 2578 3009 ADMONITIO

1500 3067 1583 3129 IN
1625 3063 2253 3143 SUBSEQUENTEM
2294 3064 2622 3126 LIBRUM.

406 3197 412 3209 ’
498 3211 660 3267 Liber
686 3209 754 3266 de
781 3210 1064 3282 Diligendo
1090 3209 1203 3265 Deo
1230 3210 1350 3280 pius
1376 3217 1486 3276 est,
1509 3208 1713 3280 judicio
1740 3208 1945 3264 Erasmi
1975 3223 2038 3263 ac
2064 3208 2459 3278 Theologorum
2486 3206 2895 3263 Lovaniensium
2915 3247 2932 3272 ,
2961 3220 3062 3261 nec
3094 3205 3391 3262 ineruditus
3419 3223 3434 3260 :
3464 3207 3557 3261 sed
3583 3208 3702 3261 sub-

426 3301 633 3359 dititius
664 3310 837 3356 tamen
859 3344 875 3369 ,
907 3301 994 3355 vel
1022 3301 1136 3369 ipsa
1161 3316 1227 3355 ex
1256 3300 1433 3370 phrasi
1462 3300 1747 3369 plurimum
1788 3299 2127 3370 discrepaute
2157 3299 2224 3354 ab
2251 3299 2634 3369 Augustiniana
2655 3340 2672 3365 ,
2705 3298 2899 3353 merito
2925 3297 3113 3352 iisdem
3140 3299 3310 3353 visus.
3343 3299 3532 3352 Auctor
3551 3307 3697 3351 certe

425 3409 488 3451 se
512 3395 627 3465 ipse
654 3394 827 3449 aetatis
866 3392 1180 3448 recentioris
1218 3406 1337 3446 esse
1365 3391 1496 3445 satis
1524 3405 1589 3445 eo
1617 3391 1829 3461 prodit,
1857 3390 1997 3459 quod
2030 3389 2341 3461 Hieronymi
2368 3389 2572 3444 dictum
2603 3405 2669 3445 ex
2699 3389 2793 3444 lib.
2823 3388 2857 3443 5
2885 3388 2936 3442 in
2965 3387 3155 3443 Matth.
3184 3404 3311 3443 svnt
3336 3389 3455 3442 citat
3477 3388 3531 3440 in
3556 3386 3697 3441 hunc

426 3486 645 3541 modum
678 3504 693 3540 :
727 3484 872 3539 Unde
908 3483 1115 3553 quidam
1141 3492 1345 3537 sanctus
1372 3483 1443 3535 ait
1461 3523 1476 3550 ,
1510 3481 1703 3553 Magna
1740 3481 1961 3551 dignitas
1989 3481 2303 3545 animarum,
2332 3491 2435 3536 etc.
2474 3479 2710 3535 Contulit
2738 3480 2844 3535 huc
2870 3481 3163 3537 sententias
3189 3481 3257 3536 ad
3288 3478 3699 3535 inﬂammandam

426 3576 767 3632 dilectionem
803 3576 931 3643 Dei,
963 3575 1123 3630 variis
1151 3589 1214 3627 ex
1245 3574 1394 3628 libris
1414 3615 1428 3639 ,
1464 3572 1699 3643 llugonis
1730 3570 1987 3626 Victorini
2028 3572 2081 3625 in
2113 3572 2326 3641 primis,
2374 3570 2630 3626 Bernardi
2672 3578 2727 3626 et
2772 3570 3034 3625 Anselmi.
3076 3570 3146 3624 Et
3186 3569 3399 3640 quidem
3430 3585 3460 3623 a
3489 3569 3701 3637 capitel

426 3668 495 3723 ad
525 3668 614 3734 Η,
647 3666 778 3721 nihil
807 3666 960 3721 nobis
989 3665 1268 3735 legendum
1298 3664 1438 3719 aliud
1470 3665 1691 3733 praebet,
1719 3677 1877 3732 quam
1897 3663 2038 3732 quod
2062 3663 2236 3718 verbis
2263 3663 2449 3718 iisdem
2474 3679 2538 3736 ac
2564 3663 2675 3719 fere
2703 3663 2919 3717 totidem
2945 3656 3159 3733 scripsit
3181 3662 3331 3731 Hugo
3352 3664 3404 3715 in
3425 3661 3699 3731 Soliloquio

427 3756 497 3814 de
523 3757 699 3812 Arrha
725 3755 937 3810 animae.
969 3755 1087 3809 Alia
1114 3754 1294 3809 itidem
1325 3766 1449 3808 sunt
1474 3770 1538 3808 ex
1567 3754 1685 3809 aliis
1714 3754 1946 3823 llugoois
1984 3755 2253 3823 opusculis
2282 3765 2532 3826 excerpta
2563 3756 2708 3823 loca,
2737 3756 2889 3825 plura
2920 3756 3077 3811 etiam
3108 3771 3176 3810 ex
3205 3755 3434 3809 diversis
3463 3754 3700 3810 Bernardi

426 3840 818 3913 Concionibus,
863 3855 920 3903 et
960 3846 1201 3918 quadam
1238 3861 1305 3900 ex
1332 3846 1669 3901 Meditatione
1700 3846 1835 3916 apud
1864 3845 2173 3901 Anselmum
2208 3854 2491 3915 postrema:
2517 3849 2764 3902 editionis
2793 3848 2998 3903 decima
3030 3856 3177 3902 sexta
3197 3888 3213 3912 ,
3242 3862 3363 3916 quae
3394 3863 3494 3901 nos
3522 3847 3698 3917 passim

426 3940 616 4009 positis
646 3940 786 3994 notis
813 3954 844 3993 e
872 3939 1093 4010 regione
1120 3947 1483 3996 monstramus
1512 3936 1610 4011 (a).
1644 3936 1726 3991 Ad
1751 3946 2055 3992 extremum
2076 3979 2092 4000 .
2121 3938 2294 4008 capite
2324 3938 2390 3993 l8
2419 3939 2698 3994 exhibetur
2737 3940 2958 4009 insignis
2999 3939 3148 3994 locus
3188 3938 3430 3993 A’nselmi
3458 3956 3522 3993 ex
3550 3940 3702 4009 ipsius

429 4032 724 4102 Proslogio.
756 4029 905 4099 Sapit
935 4030 1037 4083 hoc
1058 4045 1191 4099 opus
1214 4029 1458 4085 eumdem
1486 4040 1755 4085 auctorem
1781 4045 1844 4084 ac
1872 4030 2012 4085 liber
2037 4029 2107 4085 de
2134 4018 2333 4100 Spiritu
2362 4040 2416 4085 et
2437 4032 2647 4086 Anima.
2675 4031 2784 4087 Nec
2811 4031 2947 4088 forte
2974 4031 3125 4086 alteri
3151 4031 3341 4085 melius
3370 4032 3699 4102 adscripseris

426 4122 667 4178 Manuale
686 4165 701 4190 ,
733 4132 788 4177 et
812 4122 912 4176 alia
942 4121 1183 4192 quaedam
1214 4122 1465 4192 opuscula
1507 4137 1624 4191 qum
1655 4121 1741 4176 hic
1770 4130 1953 4190 postea
1983 4131 2468 4192 reprmseutantur,
2498 4123 2731 4194 itemque
2762 4124 2925 4178 libros
2957 4122 3095 4193 apud
3128 4123 3404 4193 llugonem
3436 4124 3500 4178 de
3522 4125 3701 4178 Anima

426 4218 658 4287 primum
700 4226 753 4272 et
795 4216 1008 4271 tertium
1030 4257 1045 4282 ,
1086 4214 1174 4284 qui
1212 4214 1350 4284 apud
1385 4213 1709 4268 Bernardum
1738 4213 2106 4269 Meditationes
2134 4223 2187 4268 et
2218 4215 2283 4268 de
2311 4212 2645 4269 Conscientia
2676 4226 3072 4285 nuncupantur.
3118 4215 3381 4271 Cazterum
3414 4214 3699 4269 Vincentius

426 4308 842 4375 Bellovacensis,
873 4308 966 4363 lib.
994 4306 1064 4363 25
1087 4306 1299 4376 Speculi
1324 4306 1601 4369 naturalis,
1630 4321 1749 4374 cap.
1779 4306 1832 4371 1,
1863 4304 2103 4360 nonnihil
2129 4305 2268 4375 quod
2299 4305 2475 4375 legere
2505 4315 2728 4381 estcap.
2750 4307 2784 4361 5
2814 4307 2976 4377 hujus
3006 4307 3146 4379 libri,
3177 4307 3308 4361 citat
3334 4304 3538 4362 nomine
3557 4305 3699 4363 Petri

424 4395 772 4457 Comestoris.
803 4400 1021 4455 Librum
1051 4399 1370 4454 contulimus
1398 4413 1519 4453 cum
1550 4397 1674 4452 Mss.
1709 4397 1889 4468 Regiis
1913 4396 2123 4451 duobus
2150 4397 2201 4451 in
2228 4397 2419 4468 quibus
2441 4399 2725 4468 Augustini
2750 4401 2967 4457 nomine
2994 4400 3127 4456 falso
3156 4408 3505 4471 praenotatur.

490 4513 564 4578 (a)
601 4520 721 4564 Ante
744 4515 848 4577 ipsa
866 4511 1075 4576 capitula
1092 4512 1220 4562 notis
1241 4509 1561 4574 alphabeticis
1582 4509 1896 4559 indicavimus
1916 4507 2067 4559 libros
2089 4520 2156 4558 ex
2173 4510 2352 4571 quibus
2366 4511 2497 4559 varia
2511 4508 2616 4561 loca
2638 4512 2819 4574 passim
2840 4520 3191 4576 excerpuntur.
3273 4519 3334 4563 Il.

918 4692 936 4710 '
1007 4728 1278 4872 DE
1372 4723 2532 4911 DILIGENDO
2680 4732 3098 4883 ι)Εο

896 4988 923 5067 .‘
1563 4951 2034 5065 LIBER
2100 4953 2568 5068 U'JVUS.
3336 4988 3361 5013 ’

1872 5183 2277 5224 ml!—

501 5301 1044 5387 tlAPtlT__PRIMUM.
1104 5304 1203 5387 Yia
1242 5303 1500 5387 (ια-ιιξιᾳῃι
1543 5306 1782 5362 charitas.
1831 5307 2018 5387 Modus
2124 5309 2421 5387 vitandum,
2464 5320 2519 5387 et
2550 5311 2679 5387 illud
2723 5315 3122 5387 acquirendum.
3153 5315 3454 5372 Audiamus
3477 5312 3698 5387 εποίιί-

432 5377 676 5448 diligendi
713 5376 873 5430 Deum
898 5386 946 5431 et
986 5378 1289 5446 proximum.
1333 5377 1486 5448 Vigili
1514 5392 1638 5431 cura
1664 5420 1679 5445 ,
1709 5387 1888 5433 mente
1912 5380 2019 5433 sol-

429 5447 574 5506 licita
600 5491 615 5514 ,
645 5463 854 5502 summo
883 5458 1096 5509 conatu,
1127 5456 1183 5503 et
1211 5447 1566 5503 sollicitudine
1592 5450 1838 5505 continua
1864 5450 2020 5505 decet

364 5555 383 5568 ο
432 5536 536 5577 nos
563 5521 831 5586 inquirere
855 5528 908 5574 et
933 5520 1209 5575 addiscere
1237 5518 1507 5588 quomodo
1528 5527 1584 5573 et
1604 5536 1706 5582 qua
1734 5522 1815 5573 via
1845 5522 2018 5585 possi-

433 5606 557 5646 mus
582 5590 841 5645 inferuale
869 5592 1185 5660 supplicium
1215 5591 1404 5660 vitare,
1424 5598 1491 5660 et
1519 5590 1737 5645 cmleste
1766 5590 2014 5658 gaudium

436 5660 747 5727 aequirere;
777 5677 896 5715 cum
928 5658 1025 5715 nec
1056 5659 1183 5715 illud
1214 5658 1531 5729 supplicium
1559 5660 1731 5725 vitari,
1765 5677 1863 5715 nec
1889 5662 2015 5717 illud

438 5729 689 5801 gaudium
717 5732 919 5803 acquiri
947 5734 1131 5804 possit,
1166 5732 1267 5788 nisi
1298 5732 1379 5788 via
1407 5733 1617 5800 cognita
1646 5747 1748 5803 qua
1778 5743 1861 5789 est
1889 5733 2016 5790 illud

2127 5381 2359 5458 beatius.
2379 5383 2722 5454 inspiciamus
2741 5381 3043 5458 diligentius
3067 5387 3224 5444 verba
3247 5381 3697 5458 Apostoquuilus

2128 5453 2377 5534 ipseque
2405 5453 2672 5521 ostendit,
2703 5453 2923 5534 scilicet
2941 5458 3083 5528 quod
3126 5453 3372 5534 cmles'tis
3398 5453 3572 5534 gloria
3596 5456 3695 5534 vita

2126 5523 2407 5605 ineffabilis
2434 5534 2535 5587 est,
2563 5536 2615 5605 et
2639 5530 2851 5605 quassit
2876 5523 2971 5584 via'
2989 5546 3107 5605 qua:
3134 5530 3281 5605 ducit
3308 5532 3377 5587 ad
3399 5523 3560 5605 Vitam
3585 5544 3598 5579 ;
3620 5523 3694 5576 ait

2124 5594 2265 5649 enim
2292 5637 2306 5657 ,
2342 5594 2454 5649 Nec
2480 5594 2796 5652 oculusividit
2816 5641 2831 5664 ,
2861 5617 2951 5653 nec
2985 5594 3124 5655 duris
3152 5602 3378 5666 audiuit,
3410 5617 3495 5655 nec
3528 5601 3576 5651 in
3612 5608 3695 5647 εστ

2125 5665 2342 5744 tionibus
2371 5669 2636 5744 ascendit,
2665 5685 2781 5738 qua:
2804 5673 3105 5744 pragparavit
3137 5671 3279 5744 Deus
3305 5670 3607 5744 diligentibus
3637 5676 3697 5716 se

2126 5736 2180 5807 (l
2209 5735 2327 5794 Cor.
2360 5754 2418 5804 ιι,
2450 5736 2545 5811 9).
2578 5735 2719 5797 Ecce
2764 5735 2861 5812 per
2888 5735 2990 5800 hoc
3031 5743 3172 5815 quod
3202 5743 3333 5801 dicit
3374 5735 3534 5800 Deum
3559 5749 3654 5810 ιη
3680 5760 3695 5772 ·
