3860 6366
440 440 569 497 bilia
594 439 734 494 bona
762 433 934 492 fecisti
962 431 1114 499 mihi,
1147 428 1370 507 Domine
1391 427 1529 484 Deus
1551 439 1723 507 meus,
1746 424 1814 507 de
1829 423 2024 494 quibus

441 513 572 567 mihi
595 511 749 565 dulce
772 507 872 560 erit
891 519 1102 572 semper
1123 503 1373 571 cogitare,
1392 514 1606 567 semper
1627 499 2024 572 loqui,_semper

443 583 640 650 gratias
667 586 933 650 agereLut
957 567 1244 650 te:la_udein
1276 581 1328 650 et
1354 586 1526 625 amem
1549 584 1645 637 pro
1665 567 1912 650 omnibus
1934 569 2025 621 be-

443 639 646 706 iieliciis
676 639 796 702 tuis.
833 647 970 701 Ecce
1009 645 1191 706 habes,
1221 645 1394 697 anima
1435 657 1572 704 mea,
1600 639 1812 692 arrham
1845 647 2019 700 tuam;

443 733 498 777 et
532 723 580 774 in
608 719 764 791 arrlia
797 727 884 771 tua
913 716 1190 791 cognoscis
1218 728 1469 791 Sponsum
1502 721 1670 765 tuum.
1703 713 1877 791 tServa
1895 723 2023 790 ergo

443 803 495 846 te
536 793 610 845 illi
655 790 926 852 intactam,
957 785 1107 841 serva
1145 785 1496 860 impollutam,
1529 796 1678 860 serva
1707 785 2024 860 iiicontaini-

443 873 643 922 natam,
672 876 823 914 serva
853 851 1131 924 integram.
1174 851 1232 910 Si
1258 856 1383 908 olim
1435 853 1685 924 meretrix
1714 851 1876 911 fuisti,
1911 851 2022 924 jam

443 936 590 1002 virgo
618 921 750 986 facta
781 946 840 984 es
873 949 884 982 :
910 921 1356 1002 queinzulmotlnm
1383 940 1545 1002 amor
1584 923 1722 1002 illius
1751 921 2024 1002 consuevit

443 993 705 1072 corruptis
734 993 1084 1070 integritatem
1114 998 1355 1060 reddere,
1382 997 1396 1026 ¹
1421 1004 1474 1049 et
1495 993 1707 1061 integris
1728 994 2023 1073 castitatem

445 1089 681 1128 scrvare.
724 1074 947 1141 Semper
994 1079 1163 1140 rogita
1215 1077 1463 1144 quantum
1508 1076 1678 1118 tecum
1719 1079 2022 1144 miserimm-

445 1145 589 1198 diam
621 1145 741 1198 fecit
776 1162 787 1195 :
821 1133 876 1196 et
904 1145 952 1195 in
984 1133 1087 1195 hoc
1125 1133 1390 1206 perpende
1417 1145 1688 1206 quantum
1709 1135 1774 1206 ab
1804 1133 2025 1206 ipsordi-

448 1216 647 1283 ligeris,
679 1214 816 1283 quod
844 1213 960 1281 ejus
990 1203 1321 1285 beneficium
1345 1203 1612 1276 nunquam
1659 1205 1749 1285 tibi
1791 1203 2025 1285 defuisse

446 1280 739 1352 cognoscis.
786 1280 885 1339 Sicf
913 1292 1056 1337 certe
1085 1283 1210 1354 mihi
1239 1280 1447 1354 videtur
1465 1319 1483 1354 ι
1508 1292 1626 1330 cum
1657 1280 1771 1354 ejus
1799 1280 2023 1354 misera:

447 1345 618 1410 tiones
646 1358 785 1410 circa
817 1371 900 1408 me
927 1353 1162 1415 attendo,
1193 1351 1354 1419 quod,
1389 1350 1430 1401 si
1460 1348 1538 1401 fas
1560 1346 1858 1419 estdicere,
1893 1345 2024 1419 nihil

446 1427 588 1480 aliud
617 1437 733 1494 agat
765 1428 920 1487 Deus,
950 1425 1060 1497 nisi
1094 1433 1149 1475 ut
1178 1417 1309 1497 uicae
1350 1421 1505 1473 saluti
1538 1417 1809 1497 provideat
1834 1433 1846 1467 :
1875 1425 1927 1469 et
1955 1417 2024 1497 ita

447 1507 614 1550 totum
651 1487 729 1549 ‘ad
775 1495 1069 1550 custodiam
1128 1494 1228 1546 mei
1281 1499 1592 1558 occupatum
1650 1487 1820 1553 video,
1873 1487 2025 1558 quasi

446 1569 681 1620 omnimn
714 1569 907 1619 oblitus
933 1567 1020 1626 sil,
1057 1574 1109 1617 et
1146 1563 1272 1616 mihi
1310 1556 1429 1614 soli
1462 1574 1650 1613 vacare
1677 1559 1820 1612 velit.
1869 1556 2024 1612 Sem-

444 1653 542 1706 per
581 1647 891 1706 pl‘lPSClthlll
934 1636 1060 1689 mihi
1109 1650 1166 1688 se
1201 1633 1414 1686 exhibet
1450 1632 1618 1694 Dens,
1659 1644 1870 1698 semper
1931 1643 2025 1696 pa-

447 1720 618 1761 ratum
676 1723 734 1762 se
783 1709 939 1761 oll'ert
971 1724 982 1758 :
1017 1719 1349 1774 quocumque
1402 1719 1486 1756 tne
1541 1711 1778 1779 vertero,
1808 1715 2024 1779 menon

444 1779 675 1841 deserit;
731 1769 1046 1844 ubicumque
1092 1769 1278 1838 fuero,
1327 1789 1430 1844 non
1484 1771 1716 1834 recedit;
1773 1769 2026 1844 quidquid

446 1864 626 1918 egero,
663 1851 857 1916 pariter
884 1841 1084 1902 assistit
1112 1858 1203 1918 ,et
1225 1843 1361 1913 quod
1390 1844 1600 1897 tandem
1626 1841 1828 1895 cunctis
1857 1843 2024 1918 actio-

445 1911 602 1972 nibus
638 1911 771 1972 meis
807 1931 1091 1988 perpetuus
1128 1911 1413 1988 inspector,
1442 1922 1500 1988 et
1515 1921 1782 1988 quantum
1823 1911 1887 1963 ad
1932 1911 2026 1964 bo-

445 1991 666 2043 nitatem
712 1983 861 2042 suam
896 1983 1142 2057 pertinet,
1175 1987 1323 2053 quasi
1367 1983 1667 2038 individuus
1710 1991 2026 2057 cooperatpr

437 2061 678 2131 assistat,
715 2060 827 2128 ipso
853 2052 1030 2131 operis
1051 2052 1136 2112 sui
1156 2052 1346 2131 ell'ectu
1378 2063 1621 2131 patenter
1639 2053 1902 2131 ostendit.
1943 2052 2025 2131 E_x

443 2123 550 2254 quo
575 2123 782 2186 constat
820 2123 959 2198 quod
1006 2131 1124 2184 licet
1172 2127 1333 2182 facies
1360 2123 1475 2194 ejus
1505 2140 1532 2178 a
1564 2125 1718 2207 nobis
1743 2123 1912 2178 adlmc
1945 2125 2024 2177 vi-

483 2202 557 2254 eri
599 2216 704 2254 non
742 2202 926 2254 possit.
955 2215 1221 2254 nunuuam
1253 2208 1428 2253 tamen
1454 2206 1618 2254 nossn
1646 2210 1759 2254 eius
1789 2207 2024 2254 pensen-

483 2202 557 2255 eri
599 2216 704 2255 non
740 2202 926 2275 possit,
955 2215 1221 2275 nunquam
1247 2202 1618 2275 _tam_en_possit
1646 2202 2024 2275 ejus_pr:esen-

444 2273 517 2325 tia
565 2265 774 2326 evitari.
817 2271 923 2326 Sed
961 2265 1094 2340 quid
1124 2279 1207 2326 est
1246 2268 1373 2323 illud
1413 2267 1600 2330 dulce,
1643 2265 1782 2340 quod
1824 2265 1877 2317 in
1908 2265 2023 2332 ejus

444 2343 811 2396 recordatione
846 2357 932 2396 me
961 2335 1177 2411 tangere
1225 2341 1380 2411 solet,
1433 2347 1488 2392 et
1531 2345 1637 2390 tam
1663 2335 2025 2411 vehementer

443 2421 600 2482 atque
631 2415 863 2486 suaviter
884 2403 1098 2486 allicere
1131 2431 1144 2466 :
1178 2420 1234 2464 ut
1271 2410 1380 2486 jam
1412 2417 1522 2462 tota
1555 2405 1783 2486 quodam
1807 2403 2023 2486 medea

444 2476 761 2549 mémetipso
791 2482 1100 2545 abalienari,
1129 2490 1182 2535 et
1211 2476 1390 2534 nescio
1428 2494 1534 2549 quo
1557 2476 1578 2542 ,⁷
1623 2476 1856 2531 abstrahi
1888 2476 2023 2549 inci-

442 2552 624 2622 piam?
651 2546 838 2606 Subito
865 2562 971 2606 tota
999 2553 1222 2605 innovor
1258 2560 1311 2604 et
1351 2546 1462 2622 tota
1505 2549 1776 2622 immatur,
1807 2546 2024 2622 et_bc_n_e

443 2616 573 2677 inihi
603 2639 724 2679 esse
763 2623 946 2690 incipit
976 2623 1109 2676 ultra
1155 2637 1312 2690 quam
1342 2620 1521 2674 dicere
1549 2618 1827 2690 solliciam.
1858 2616 2023 2670 Exhi-

443 2693 645 2748 laratur
671 2689 1013 2757 conscientia,
1035 2694 1084 2746 in
1103 2689 1421 2747 oblivionem
1449 2689 1779 2745 venitomnis
1800 2699 2022 2756 praeter-

444 2765 637 2817 itorum
681 2764 922 2818 dolorum
953 2764 1186 2829 miseria,
1219 2763 1448 2818 exsultat
1491 2761 1732 2823 animus,
1779 2760 2025 2814 clarescit

444 2834 764 2896 intellectus,
818 2849 912 2888 cor
963 2835 1308 2899 illuminatur,
1353 2831 1612 2887 desideria
1641 2829 2019 2898 jucundantur.

441 2904 665 2973 Jamque
694 2905 815 2959 alibi
842 2947 856 2969 ,
903 2905 1084 2959 nescio
1115 2905 1222 2969 ubi,
1256 2919 1342 2959 me
1371 2919 1490 2958 esse
1521 2903 1673 2956 video
1695 2943 1711 2965 ,
1767 2912 1820 2956 et
1870 2903 2021 2970 quasi

443 2975 694 3048 quiddam
713 3046 721 3048 4
740 2976 1071 3048 amplexibus
1111 2977 1307 3048 amoris
1337 2974 1478 3048 intus
1509 2982 1666 3029 teneo
1689 3013 1704 3039 ,
1759 2981 1813 3026 et
1842 2973 2024 3027 nescio

442 3045 568 3114 quid
599 3046 724 3100 illud
750 3045 855 3101 sit':
883 3056 937 3101 et
959 3057 1132 3101 tamen
1161 3046 1289 3100 illud
1319 3047 1549 3099 retinere
1575 3058 1786 3113 semper
1807 3051 1861 3097 et
1886 3059 2024 3097 nun-

443 3132 603 3186 quam
634 3116 856 3186 perdere
907 3127 1018 3172 toto
1068 3118 1186 3174 nisu
1234 3117 1438 3172 laboro.
1493 3115 1751 3171 Luctator
1793 3115 2020 3184 quodam

441 3187 602 3241 modo
655 3187 1040 3244 delectabiliter
1091 3190 1266 3244 anima
1321 3203 1388 3241 ne
1434 3187 1649 3241 recedat
1685 3186 1752 3239 ab
1787 3201 1852 3239 eo
1880 3186 2023 3255 quod

440 3272 654 3327 semper
679 3260 924 3328 amplecti
955 3260 1223 3314 desiderat
1250 3277 1262 3312 :
1296 3267 1351 3313 et
1378 3258 1528 3328 quasi
1573 3259 1622 3311 in
1666 3257 1756 3328 illo
1784 3258 2024 3328 omnium

441 3326 826 3384 desideriorum
857 3332 1013 3384 linem
1044 3331 1321 3392 invenerit,
1353 3326 1560 3383 summe
1586 3335 1639 3380 et
1681 3326 2024 3382 inelfabiliter

440 3400 689 3464 exsultat,
721 3400 853 3454 nihil
885 3402 1114 3472 amplius
1134 3417 1401 3472 quterens,
1433 3398 1718 3472 nihilnltra
1740 3409 2020 3472 appetens,

440 3485 655 3538 semper
706 3473 783 3525 sic
828 3487 947 3527 esse
974 3468 1178 3528 volens.
1225 3471 1486 3539 Numquid
1530 3471 1616 3522 ille
1649 3476 1730 3522 est
1756 3468 2022 3539 dilectus?

442 3540 582 3595 Vere
609 3542 692 3594 ille
716 3551 798 3595 est
831 3542 1082 3596 Dominus
1107 3558 1258 3596 meus
1286 3537 1583 3610 qui'visitat
1609 3555 1693 3593 me
1725 3557 1736 3591 :
1761 3537 1853 3592 sed
1879 3543 2023 3594 venit

441 3612 740 3674 invisibilis,
777 3614 920 3665 venit
947 3615 1206 3678 occultus,
1248 3611 1392 3665 venit
1443 3610 2018 3680 incomprehensibilis.

440 3680 601 3734 Venit
641 3689 698 3734 ιιι
727 3691 905 3750 tangat
947 3700 1051 3748 me,
1093 3699 1197 3736 non
1227 3692 1284 3734 ut
1317 3681 1560 3734 videatur
1583 3699 1612 3734 a
1641 3695 1758 3744 me;
1799 3683 1942 3734 venit
1967 3691 2024 3735 ut

439 3751 726 3805 admoneat
747 3767 850 3811 tne,
876 3767 980 3806 non
1010 3764 1066 3806 ut
1094 3751 1576 3820 comprehendatur
1600 3767 1628 3805 a
1653 3767 1758 3815 me;
1788 3753 1933 3806 venit
1961 3759 2020 3806 ut

443 3839 549 3875 non
581 3831 745 3875 totum
775 3821 1016 3877 infundat
1042 3838 1120 3888 se,
1149 3823 1240 3877 sed
1270 3822 1659 3892 utgustandum
1688 3822 1918 3891 priebeat
1940 3837 2018 3888 se;

442 3908 547 3946 non
597 3901 653 3944 nt
700 3893 916 3962 impleat
955 3893 1314 3958 desiderium,
1366 3909 1469 3945 non
1536 3903 1592 3946 ut
1640 3893 2018 3961 plenitudinem

441 3962 691 4016 exhibeat
720 3978 829 4017 sua:
882 3966 1125 4032 perfectae
1165 3965 1441 4018 satietatis.
1489 3963 1555 4017 Et
1610 3963 1709 4017 hoc
1755 3974 1838 4034 est
1880 3965 2022 4034 quod

441 4034 672 4087 maxime
696 4034 923 4102 pertinet
940 4035 1004 4089 ad
1026 4037 1236 4088 arrliam
1261 4034 1688 4102 desponsationis
1716 4033 1830 4098 eius
1849 4053 1861 4088 :
1881 4033 2024 4105 quod

444 4105 532 4157 ille
559 4105 646 4174 qui
675 4106 724 4158 in
754 4105 930 4160 futuro
957 4121 1016 4160 se
1047 4107 1137 4160 tibi
1168 4106 1451 4161 videndum
1480 4115 1532 4159 et
1564 4107 1830 4174 perpetuo
1852 4107 2022 4174 possi-

442 4175 675 4231 dendum
703 4177 868 4240 dabit,
894 4192 1033 4231 nunc
1055 4178 1232 4245 aliquo
1262 4177 1420 4231 modo
1461 4185 1516 4229 ut
1551 4193 1711 4244 quam
1752 4175 1924 4232 dulcis
1952 4177 2024 4233 sit

442 4261 719 4318 agnoscas,
750 4262 814 4318 se,
839 4248 930 4302 tibi
960 4248 1027 4303 ad
1051 4248 1365 4318 gustandum
1395 4248 1596 4316 przebet
1619 4248 1712 4318 (a).

515 4316 739 4374 CAPUT
778 4317 868 4373 ΧΙ.
907 4318 980 4373 De
1008 4316 1210 4374 munere
1237 4322 1348 4374 vita:
1374 4322 1426 4372 in
1453 4329 1566 4372 ortu
1593 4316 1818 4373 serrane.
1849 4319 1925 4373 De
1941 4318 2022 4374 in-

443 4388 932 4460 dultissensibilibus
958 4391 1387 4444 oblectationibus.
1443 4387 1516 4442 De
1555 4391 1669 4443 aliis
1723 4393 2022 4460 prwroynti-

442 4461 535 4513 vis.
571 4459 646 4530 (ὁ)
677 4461 892 4513 Multum
926 4463 1081 4530 igitur
1112 4463 1252 4516 Deus
1293 4470 1410 4514 tuus
1435 4459 1735 4529 diligendus
1776 4472 1858 4514 est
1885 4459 2021 4529 tibi,

442 4531 527 4584 cui
577 4542 719 4585 tanta
760 4531 1014 4586 beneficm
1055 4533 1294 4586 contulit.
1340 4530 1408 4586 Ut
1461 4543 1635 4584 autem
1679 4532 1879 4586 amoris
1907 4534 2023 4601 ejus

443 4602 654 4654 ﬂamma
703 4603 932 4669 amplius
979 4603 1287 4657 aceendaris
1313 4621 1325 4656 :
1354 4602 1631 4654 considera
1660 4601 1956 4669 diligenter,
1990 4619 2024 4658 o

443 4670 641 4734 anima,
665 4672 708 4724 si
738 4682 933 4740 praiter
955 4673 1040 4725 illa
1059 4688 1177 4739 qua:
1205 4687 1366 4739 supra
1390 4671 1531 4725 dicta
1557 4681 1701 4734 sunt,
1729 4670 1901 4740 aliqua
1929 4674 2024 4728 tibi

443 4741 729 4812 contulerit
772 4742 1046 4796 beneficia.
1079 4743 1208 4797 Cum
1250 4757 1377 4812 ergo
1429 4757 1547 4810 qua:
1601 4742 1684 4794 hic
1731 4754 2023 4799 memorata

443 4821 569 4864 sunt
597 4811 733 4864 bona
759 4813 850 4866 tibi
881 4813 1028 4868 vides
1056 4813 1267 4880 collata,
1297 4811 1520 4866 multum
1541 4812 1588 4865 ei
1617 4826 1646 4864 a
1667 4827 1772 4880 quo
1793 4814 1884 4868 tibi
1909 4815 2024 4870 haec

443 4883 636 4954 collata
681 4891 805 4936 sunt
854 4883 1018 4937 debes
1057 4885 1319 4954 gratiosus
1347 4882 1937 4954 etdevotusexistere,
1971 4895 2027 4941 et

441 4953 640 5022 gratias
668 4967 832 5022 agens
861 4954 1038 5008 dicere
1063 4951 1082 5009 Ξ
1111 4953 1277 5008 Valde
1301 4951 1429 5007 mihi
1451 4951 1752 5022 diligendus
1779 4963 1862 5009 est
1882 4955 2024 5011 Deus

441 5036 616 5086 meus,
650 5025 737 5091 qui
769 5025 904 5078 bene
927 5033 1080 5077 utens
1105 5025 1244 5078 malo
1265 5031 1542 5093 parentum
1582 5038 1845 5092 meorum,
1874 5042 2028 5092 creag

442 5093 521 5166 vit
552 5109 636 5166 me
661 5093 728 5150 de
756 5109 914 5166 carne
944 5094 1176 5162 illorum,
1207 5103 1262 5151 et
1291 5094 1566 5166 inspiravit
1591 5095 1642 5148 in
1674 5111 1760 5149 me
1788 5098 2026 5166 spiracu-

440 5165 563 5238 iumi
581 5165 734 5232 vitte;
762 5165 1081 5238 discernens
1103 5181 1186 5238 me
1210 5167 1277 5220 ab
1298 5165 1400 5220 illis
1421 5165 1508 5232 qui
1537 5166 1620 5221 vel
1648 5165 1869 5221 abortivi
1901 5184 2026 5238 pro-

437 5235 567 5306 jecti
592 5237 798 5308 suntab
814 5247 984 5302 utero,
1003 5237 1087 5292 vel
1114 5237 1249 5292 intra
1278 5247 1517 5308 materna
1540 5238 1740 5292 viscera
1762 5235 2023 5308 suffocati,

441 5321 618 5381 poena:
642 5307 888 5381 videntur
914 5309 1178 5378 concepti,
1227 5324 1330 5362 non
1371 5307 1524 5381 vitae.
1556 5309 1751 5380 Accepi
1793 5326 1921 5381 ergo
1967 5307 2026 5367 ut

441 5379 565 5452 sini,
596 5379 773 5452 accepi
805 5389 862 5434 ut
891 5381 1050 5434 homo
1093 5381 1194 5435 sim
1216 5420 1232 5440 .
1291 5379 1467 5448 accepi
1514 5379 1835 5452 intellectum
1853 5379 1876 5448 ,“
1919 5398 2025 5452 quo

442 5450 652 5504 intersit
684 5451 819 5505 inter
846 5466 933 5506 me
959 5461 1015 5506 et
1040 5466 1222 5522 pecus.
1261 5451 1455 5520 Accepi
1485 5452 1727 5522 corporis
1756 5450 1979 5507 formam
2005 5493 2024 5520 ,

443 5522 623 5592 accepi
674 5522 725 5575 in
773 5536 997 5593 corpore
1045 5524 1440 5580 distinctionem
1506 5537 1794 5590 sensuum;
1845 5525 2026 5580 oculos

561 5614 712 5671 Adde,
736 5614 821 5664 ita.

507 5675 584 5742 (αἰ
607 5683 847 5742 hactenus
867 5679 1080 5742 Hugouis
1101 5679 1250 5742 verba
1275 5677 1339 5728 de
1363 5676 1720 5742 Arrbaganimaa.

445 5737 668 5857 cui:
687 5739 895 5790 Anselmi
919 5737 1077 5792 adedit.
1099 5741 1188 5804 16;
1215 5742 1478 5804 llug.\’ict.,
1497 5737 1611 5790 lib.7
1631 5737 1808 5790 Erudit.
1823 5737 2026 5816 didasc.,

1891 301 2258 364 APPENDIX.

2908 225 2924 233 "
2977 233 2980 236 ‹
3013 232 3112 244 ..ου-η
3290 232 3450 254 ων.-.

3291 271 3310 282 5

2130 421 2195 476 ad
2228 420 2514 477 videndum
2538 460 2554 487 ,
2584 433 2741 476 aures
2789 418 2856 475 ad
2892 417 3246 489 audiendum,
3297 431 3456 482 nares
3503 423 3572 483 ad
3609 431 3696 490 od-

2129 494 2412 572 oranilum,
2455 508 2642 572 manus
2672 491 2747 572 _ad
2767 492 3204 572 contrectandum
3223 535 3246 572 ,_
3263 497 3492 562 palatum
3521 500 3585 554 ad
3610 518 3698 572 gu.

2129 564 2397 629 standum,
2423 563 2592 637 pedes
2623 563 2690 618 ad
2721 563 3127 637 ambulandum,
3171 565 3500 637 salutemque
3543 563 3693 637 ipsam

2128 636 2385 703 corporis.
2420 633 2664 704 Magnum
2713 633 2808 688 fuit
2847 645 2901 689 et
2949 634 3049 688 hoc
3072 676 3088 700 ,
3138 635 3281 704 quod
3311 637 3377 690 ad
3404 633 3693 698 earumdem

2129 718 2380 760 sensuum
2426 722 2664 760 meorum
2698 705 3087 760 oblectamenta
3114 707 3318 774 singula
3332 708 3571 764 sensibus
3593 717 3693 768 sin-

2127 776 2266 844 gulis
2293 777 2660 832 convenientia
2691 777 2908 848 creavit
2949 777 3108 842 Deus,
3129 779 3303 848 multa
3336 779 3554 848 pulchre
3577 797 3693 837 con-

2129 848 2392 902 venientia
2421 859 2476 903 et
2506 847 2753 912 lucentia,
2805 862 3002 902 canore
3037 847 3345 912 mulcentia,
3372 865 3534 905 suave
3559 854 3694 908 olen-

2131 918 2222 982 tia,
2270 918 2424 972 dulce
2453 919 2730 983 sapientia,
2768 919 2927 973 tactui
2972 917 3250 984 placentia.
3301 917 3381 973 Ob
3430 920 3530 975 hoc
3571 926 3695 980 enim

2130 989 2456 1060 providentia
2502 989 2768 1043 Creatoris
2809 999 2915 1042 tam
2959 989 3199 1044 diversas
3236 991 3523 1060 qualitates
3554 995 3694 1049 rebus

2130 1059 2339 1124 indidit,
2371 1069 2426 1112 ut
2456 1076 2645 1114 omnes
2675 1075 2863 1114 sensus
2910 1060 3138 1113 hominis
3177 1059 3270 1114 sua
3320 1061 3692 1120 oblectamenta

2130 1129 2420 1184 inveniant.
2456 1131 2609 1185 Aliud
2636 1132 2776 1184 enim
2809 1131 3030 1199 percipit
3061 1129 3226 1194 visus,
3256 1131 3398 1185 aliud
3432 1134 3689 1201 odoratus,

2127 1201 2270 1254 aliud
2304 1202 2514 1255 auditus
2543 1244 2558 1268 ,
2609 1201 2751 1254 aliud
2803 1203 3029 1255 olfactus
3054 1243 3068 1266 ,
3111 1202 3250 1256 aliud
3301 1211 3530 1269 gustus,
3571 1207 3693 1262 aliud

2130 1280 2320 1325 tactus.
2355 1272 2535 1326 Visum
2583 1272 2748 1341 pascit
2792 1272 3126 1340 pulchritudo
3175 1272 3435 1340 colorum,
3487 1278 3693 1332 suavitas

2128 1342 2407 1397 cantilenae
2451 1343 2718 1397 demulcet
2759 1344 3015 1403 auditum,
3058 1342 3339 1413 fragrantia
3367 1345 3554 1399 odoris
3576 1347 3689 1400 olfa-

2129 1422 2294 1479 ctmn,
2325 1414 2553 1468 dulcedo
2597 1414 2802 1482 saporis
2840 1423 3071 1484 gustum.
3110 1415 3175 1467 Et
3217 1415 3338 1484 quis
3362 1431 3554 1470 omnes
3576 1417 3692 1471 deli-

2129 1485 2237 1537 cias
2266 1499 2517 1539 sensuum
2543 1500 2858 1540 enumerare
2882 1486 3082 1554 queat?
3108 1502 3223 1552 qme
3256 1496 3360 1539 tam
3391 1488 3691 1555 multiplices

2128 1565 2250 1609 sunt
2283 1555 2336 1608 in
2373 1555 2612 1622 singulis,
2643 1567 2699 1609 ut
2727 1555 2772 1609 si
2797 1555 2914 1624 quis
2939 1556 3228 1623 quemlibet
3261 1572 3356 1624 per
3385 1572 3446 1611 se
3472 1561 3691 1615 conside-

2128 1633 2249 1698 ret,
2302 1627 2592 1698 quemlibet
2646 1642 2741 1695 per
2786 1641 2846 1698 se
2887 1626 3226 1698 singulariter
3269 1627 3498 1681 ditatum
3546 1639 3689 1698 putet.

2129 1696 2268 1762 Quot
2297 1697 2684 1750 oblectamenta
2724 1697 2996 1750 oculorum
3043 1698 3094 1750 in
3139 1697 3443 1752 diversitate
3468 1696 3689 1756 colorum

2127 1777 2506 1833 monstramus,
2541 1777 2617 1822 tot
2659 1767 3046 1822 oblectamenta
3091 1767 3297 1822 aurium
3328 1769 3375 1824 in
3396 1769 3684 1827 diversitate

2127 1853 2381 1892 sonorum
2407 1838 2686 1903 audimus;
2720 1839 2857 1893 inter
2881 1855 2996 1908 quae
3018 1838 3190 1908 prima
3231 1850 3355 1893 sunt
3386 1841 3552 1894 dulcia
3581 1857 3682 1896 ser-

2127 1923 2342 1962 monum
2373 1911 2715 1976 commercia,
2741 1910 2930 1978 quibus
2975 1911 3218 1964 homines
3242 1911 3306 1963 ad
3334 1911 3561 1965 invicem
3583 1927 3690 1967 suas

2126 1979 2426 2051 voluntates
2464 1981 2872 2051 eoinmunicant,
2903 1982 3168 2050 praeterita
3200 1991 3440 2045 narrant,
3479 1998 3692 2051 presen-

2129 2050 2198 2103 tia
2227 2050 2481 2116 indicant,
2528 2050 2703 2105 futura
2743 2051 3005 2118 nuntiant,
3033 2052 3238 2106 occulta
3274 2050 3554 2112 revelant:
3582 2055 3696 2108 adeo

2129 2127 2186 2192 ut
2213 2121 2257 2172 si
2284 2131 2462 2175 careat
2495 2121 2576 2176 his
2603 2123 2707 2176 vita
2735 2121 2962 2176 humana
2980 2163 2994 2186 ,
3026 2123 3207 2176 bestiis
3227 2124 3607 2192 comparabilis
3625 2127 3694 2178 vi-

2126 2190 2334 2264 deatur.
2361 2192 2497 2260 Quid
2516 2202 2699 2264 autem
2725 2203 3013 2264 concentus
3031 2193 3211 2264 avium
3239 2235 3254 2258 ,
3285 2190 3411 2264 quid
3470 2194 3695 2251 humana:

2125 2263 2273 2316 vocis
2302 2265 2470 2318 melos
2506 2263 2818 2329 jucundum,
2854 2263 2981 2333 quid
3011 2263 3195 2318 dulces
3223 2263 3412 2318 medus
3459 2281 3690 2322 sonorum

2125 2333 2362 2414 omnium
2401 2334 2855 2388 commemorem?
2901 2335 3026 2414 quia
3068 2344 3174 2388 tam
3219 2336 3382 2389 multa
3427 2347 3561 2391 sunt
3585 2339 3686 2391 bar-

2126 2406 2318 2458 monia:
2342 2419 2560 2472 genera,
2595 2414 2650 2458 ut
2685 2421 2746 2458 ea
2787 2419 2885 2460 nec
2913 2406 3173 2474 cogitatus
3225 2421 3565 2474 percurrere,
3605 2423 3686 2462 nec

2125 2487 2305 2528 sermo
2339 2477 2490 2530 lacile
2528 2476 2794 2545 explicare
2835 2477 3000 2544 pessit
3049 2495 3062 2528 :
3104 2491 3222 2544 qua:
3279 2485 3471 2532 tamen
3535 2488 3687 2534 cuncta

2125 2545 2325 2599 auditui
2361 2546 2639 2610 serviunt,
2669 2555 2724 2600 et
2764 2547 2815 2600 in
2841 2547 2956 2615 ejus
2997 2546 3214 2602 delicias
3241 2557 3424 2603 creata
3458 2560 3599 2604 sunt.
3620 2550 3692 2604 Sic

2125 2625 2207 2670 est
2249 2616 2316 2671 de
2353 2617 2549 2672 olfactu
2580 2635 2594 2670 :
2624 2617 2820 2672 habent
2863 2618 3204 2689 thymiamata
3255 2619 3490 2674 odorem
3532 2637 3694 2686 suum,

2125 2695 2198 2758 et,
2221 2698 2424 2758 cuncta,
2447 2704 2566 2757 qua:
2609 2704 2825 2744 suavem
2863 2697 3114 2758 prazstant
3140 2689 3357 2744 odorem
3385 2732 3404 2755 ,
3453 2701 3516 2746 et
3544 2693 3696 2746 dulces

2124 2757 2328 2824 spirant
2364 2757 2578 2822 odores,
2607 2759 2820 2813 olfactui
2855 2757 3093 2814 serviunt
3116 2801 3132 2822 ,
3159 2769 3215 2815 et
3255 2761 3307 2814 in
3347 2766 3478 2829 ejus
3507 2763 3696 2818 delicias

2125 2837 2324 2900 creata,
2347 2839 2488 2883 sunt.
2523 2829 2728 2884 Eodem
2755 2831 2914 2885 modo
2953 2840 3138 2900 gustus
3165 2839 3219 2886 et
3244 2840 3418 2886 tactus
3450 2837 3594 2888 varia
3619 2834 3698 2886 lia-

2125 2899 2252 2952 bent
2280 2899 2691 2971 oblectamenta,
2721 2918 2838 2968 quze
2856 2917 2922 2956 ex
2943 2899 3287 2956 similitudine
3309 2903 3562 2971 priorum
3590 2905 3697 2959 satis

2126 2969 2380 3044 perpendi
2416 2983 2656 3039 possunt.
2689 2971 2931 3044 Magnum
2964 2983 3044 3026 est
3081 2982 3226 3044 certe
3273 2969 3326 3027 ei
3374 2973 3491 3028 hoc
3515 3018 3531 3039 ,
3579 2975 3700 3044 quod

2125 3057 2253 3095 sana
2279 3053 2332 3096 et
2369 3041 2569 3112 integra
2600 3043 2836 3097 membra
2867 3044 3066 3098 creavit
3087 3043 3212 3098 mihi
3239 3044 3409 3110 Deus;
3449 3062 3522 3102 ne
3547 3041 3698 3102 essem

2125 3113 2260 3167 meis
2288 3112 2461 3178 dolor,
2505 3113 2847 3182 opprobrium
2898 3115 3104 3168 alienis.
3150 3115 3342 3183 Accepi
3392 3117 3562 3173 etiam
3601 3132 3699 3170 am-

2125 3183 2284 3258 plius,
2317 3191 2548 3238 mentem
2590 3183 2812 3258 scilicet,
2857 3201 2975 3253 quae
3019 3185 3195 3258 possit
3214 3186 3516 3256 intelligere
3539 3231 3554 3254 ,
3592 3203 3701 3258 quae

2127 3254 2294 3326 possit
2318 3269 2509 3322 capere
2535 3255 2835 3320 veritatem,
2854 3272 2973 3325 qua!
2989 3257 3153 3324 possit
3177 3254 3481 3325 justum—ab
3509 3254 3698 3326 injiisto

2125 3322 2452 3389 discernere,
2484 3341 2601 3394 quae
2631 3326 2798 3394 possit
2829 3322 3077 3389 indagare
3097 3368 3111 3389 ,
3143 3322 3448 3382 desiderare
3476 3322 3691 3383 Creato-

2124 3410 2257 3467 rem,
2277 3395 2504 3467 laudare
2547 3406 2596 3450 et
2631 3397 2890 3451 inhaerere
2921 3397 3014 3450 illi.
3044 3397 3286 3467 Magnum
3313 3399 3462 3454 etiam
3490 3402 3690 3453 :estimo

2124 3465 2439 3520 beneficium
2461 3508 2476 3529 ,
2510 3467 2650 3536 quod
2680 3482 2746 3522 eo
2773 3478 3010 3536 tempore
3035 3478 3082 3522 et
3118 3465 3256 3523 inter
3282 3472 3411 3524 tales
3439 3485 3526 3523 me
3553 3472 3700 3524 nasci

2123 3536 2290 3590 voluit
2331 3538 2486 3603 Deus,
2529 3553 2624 3606 per
2648 3553 2782 3607 quos
2811 3537 2876 3591 ad
2917 3539 3072 3593 Iidem
3113 3555 3262 3593 suam
3298 3550 3350 3594 et
3377 3550 3701 3595 sacramenta

2125 3609 2480 3674 pervenirem.
2527 3607 2693 3662 Video
2742 3609 3209 3665 innumerabilibus
3257 3611 3563 3666 hominibus
3610 3613 3702 3666 hoc

2123 3689 2392 3746 negatum,
2422 3679 2560 3749 quod
2611 3678 2741 3733 mihi
2770 3681 3007 3748 gratulor
3034 3695 3152 3734 esse
3192 3697 3510 3737 concessum
3548 3701 3559 3736 :
3592 3698 3701 3737 cum

2123 3749 2314 3818 quibus
2345 3761 2519 3804 tamen
2548 3750 2701 3804 nobis
2725 3760 2868 3804 esset
2899 3753 2915 3782 ⁸
2944 3767 3046 3805 una
3077 3752 3330 3806 conditio.
3358 3753 3439 3806 Illi
3468 3754 3703 3808 derelicti

2125 3829 2250 3892 sunt
2281 3836 2373 3892 per
2396 3819 2680 3892 justitiam,
2712 3829 2764 3874 et
2794 3837 2893 3890 ego
2923 3833 3138 3879 vocatus
3171 3838 3288 3876 sum
3334 3838 3434 3892 per
3463 3829 3698 3891 gratiam.

2127 3889 2412 3962 Procedam
2441 3891 2636 3954 adhuc,
2677 3889 2848 3945 etiam
2892 3893 3101 3946 intuens
3151 3889 3350 3948 munus
3385 3889 3504 3962 ejus
3552 3897 3703 3950 fuisse

2124 3961 2263 4033 quod
2285 3962 2542 4033 educatus
2565 3962 2636 4016 fui
2661 3978 2690 4016 a
2720 3965 3052 4030 parentibus;
3081 3965 3220 4033 quod
3250 3979 3336 4018 me
3360 3961 3582 4019 ﬂamma
3608 3982 3704 4020 non

2125 4030 2284 4104 laesit,
2316 4032 2456 4100 quod
2484 4049 2620 4104 aqua
2651 4049 2756 4104 non
2783 4030 3254 4104 absorbuitfquod
3294 4051 3404 4089 non
3437 4048 3653 4091 vexatus
3677 4052 3704 4089 a

2123 4102 2388 4176 dii-mone,
2418 4103 2559 4174 quod
2608 4119 2638 4156 a
2685 4103 2870 4176 bestiis
2918 4120 3020 4160 non
3071 4102 3380 4174 percussus,
3425 4108 3571 4176 quod
3604 4123 3706 4162 non

2125 4174 2419 4245 praecipitio
2445 4173 2688 4239 necatus,
2723 4173 2862 4243 quod
2893 4173 3152 4244 usquead
3180 4173 3468 4245 congruam
3500 4188 3705 4234 nitatem

2124 4243 2179 4298 iti
2207 4243 2310 4299 lide
2336 4245 2450 4312 ejus
2479 4257 2531 4299 et
2562 4246 2697 4299 bona
2725 4243 2999 4300 voluntate
3027 4262 3142 4301 sum
3172 4243 3422 4302 nutritus.

2194 4313 2418 4370 CAPUT
2459 4315 2571 4370 XII.
2625 4315 2702 4370 De
2746 4317 3122 4386 longanimitate
3158 4317 3273 4370 Dei.
3319 4317 3501 4372 Tribus
3553 4319 3708 4373 modis

2123 4402 2157 4439 a
2206 4387 2460 4455 peccando
2513 4403 2787 4442 servantur.
2834 4387 2914 4441 De
2959 4387 3152 4459 Angela
3185 4389 3412 4443 custode.
3471 4390 3706 4444 Peccator

2124 4473 2320 4510 omnem
2363 4459 2415 4511 in
2457 4475 2510 4512 se
2545 4468 2827 4511 creaturam
2881 4468 3170 4512 commovet.
3223 4459 3389 4524 Quam
3441 4461 3704 4515 liberaliter

2124 4527 2350 4598 ignoscat
2399 4527 2692 4600 Deus.ﬂ(a)
2733 4529 2974 4599 Magnam
3023 4531 3216 4600 igitur,
3250 4531 3471 4587 Domine
3529 4533 3702 4594 Deus,

2125 4614 2250 4669 erga
2283 4614 2368 4653 me
2396 4599 2674 4663 ostendisti
2723 4601 2992 4666 pietatem.
3035 4599 3166 4654 Cum
3209 4611 3386 4656 autem
3419 4605 3472 4657 in
3509 4604 3704 4657 cunctis

2125 4670 2377 4739 operibus
2409 4671 2510 4724 tuis
2539 4671 2612 4722 sis
2639 4670 2926 4734 mirabilis,
2955 4671 3244 4726 mirabilior
3265 4682 3442 4728 tamen
3472 4673 3701 4728 crederis

2127 4756 2247 4814 esse
2294 4741 2348 4794 in
2391 4741 2692 4814 visceribus
2731 4741 2947 4814 pietatis
2979 4760 3000 4814 :7
3024 4743 3226 4796 nullum
3263 4744 3405 4798 enim
3451 4745 3658 4814 Spernis
3684 4783 3701 4807 ,

2127 4811 2328 4865 nullum
2355 4811 2572 4886 abjicis,
2603 4812 2867 4886 neminem
2895 4813 3256 4886 perhorrescis
3275 4857 3291 4879 ,
3325 4815 3425 4868 nisi
3455 4811 3538 4886 qui
3569 4815 3703 4886 forte

2128 4891 2392 4954 teamens
2417 4883 2771 4938 exhorruerit.
2807 4883 2952 4938 Dona
2985 4884 3142 4954 igitur
3171 4894 3257 4938 tua
3287 4893 3414 4940 sunt
3441 4883 3569 4948 haec,
3603 4885 3706 4938 Do-

2129 4953 2303 5025 mine,
2337 4954 2466 5007 mihi
2496 4971 2524 5008 a
2554 4962 2607 5008 te
2636 4953 3050 5009 misericorditer
3077 4955 3303 5018 indulta,
3345 4956 3486 5025 quod
3518 4971 3604 5010 me
3652 4957 3709 5008 in

2127 5024 2378 5093 periculis
2407 5040 2550 5095 saepe
2578 5025 2918 5080 constitutum
2963 5025 3260 5081 clementer
3295 5024 3528 5094 eripuisti
3551 5067 3570 5090 ,
3609 5039 3709 5079 nec

2127 5109 2361 5164 unquam
2412 5111 2509 5164 pro
2564 5096 2794 5165 peccatis
2838 5098 2971 5152 meis
3016 5099 3300 5166 quominus
3343 5098 3710 5158 miserereris,

2129 5166 2269 5220 vinci
2298 5167 2511 5235 potuisti
2537 5183 2551 5233 ;
2579 5167 2802 5221 oblitum
2829 5168 2901 5222 tui
2930 5169 2994 5222 de
3020 5177 3072 5223 te
3097 5167 3437 5234 admonuisti,
3462 5182 3710 5223 aversum

2131 5251 2162 5290 a
2191 5245 2242 5292 te
2268 5239 2551 5310 revocasti,
2573 5239 2883 5310 venientem
2922 5238 2987 5293 ad
3036 5247 3086 5293 te
3132 5240 3360 5310 benigne
3389 5239 3708 5307 suscepisti,

2135 5309 2416 5380 paenitenti
2443 5309 2704 5364 indulsisti
2736 5325 2841 5364 non
2870 5311 3043 5364 solum
3071 5325 3130 5365 ea
3161 5309 3281 5380 quas
3310 5309 3539 5366 commisi
3581 5323 3714 5380 pec-

2132 5388 2271 5451 cata,
2331 5379 2422 5435 sed
2467 5383 2624 5435 etiam
2672 5396 2792 5451 qua:
2837 5389 2888 5432 te
2935 5379 3246 5450 protegente
3290 5397 3395 5436 non
3441 5379 3708 5451 commisi.

2134 5449 2518 5528 Quodcumque
2543 5449 2838 5528 eiiinfmali
2868 5449 3179 5528 protegente
3209 5461 3260 5506 te
3289 5470 3394 5528 non
3417 5449 3671 5528 COﬂlllllSi.
3691 5486 3710 5513 ,

2135 5532 2302 5578 totum
2332 5538 2362 5576 a
2391 5533 2442 5577 te
2469 5523 2749 5578 dimissum
2778 5522 3140 5592 deputandum
3178 5530 3283 5579 est.
3313 5523 3441 5578 Nam
3475 5525 3609 5575 sicut
3656 5522 3715 5572 in

2199 5617 2216 5647 ι
2254 5613 2384 5676 Apud
2407 5613 2700 5673 anselmum,
2741 5621 2826 5664 est.

2197 5668 2366 5740 (a)'Ex
2394 5677 2570 5733 Medit.,
2595 5668 2698 5737 cap'.
2724 5676 2786 5735 E3;
2823 5690 2887 5725 ex
2934 5683 3053 5739 ttug.
3095 5678 3235 5736 vict.,
3282 5677 3363 5726 lib.
3408 5675 3438 5724 3
3468 5671 3524 5720 de
3567 5668 3717 5719 Ilio

2132 5740 2316 5796 orandi,
2335 5754 2438 5800 cap.
2469 5741 2486 5788 l
2513 5753 2524 5795 ;
2548 5740 2770 5786 Bernard.
2797 5752 2942 5802 serui.
2970 5741 3017 5797 5,
3062 5740 3110 5790 iu
3147 5748 3276 5790 Dom.
3303 5740 3334 5790 6
3367 5745 3466 5802 post
3485 5740 3692 5786 rentec.

2133 5817 2184 5854 ιι.
2212 5804 2316 5862 1-4ε
2338 5811 2458 5854 etcx
2480 5802 2689 5856 Anselmi
2724 5801 2882 5856 uellit.
2915 5803 2989 5852 lli.
