3860 6366
173 377 254 437 αἱ
1297 370 1500 429 LIBER
1535 367 1624 426 DE
1653 365 2030 427 DIL'IGENDO
2067 369 2223 430 DEO.

173 497 348 555 mater,
385 489 504 546 imo
551 489 804 557 libenter,
847 502 954 544 non
1001 487 1174 544 solum
1221 497 1397 544 autem
1445 488 1568 553 hoc,
1615 485 1715 542 sed

176 569 305 622 etiam
335 562 584 618 ardenter
614 579 716 633 pro
743 563 832 616 illo
859 561 1122 633 sustinere
1153 559 1360 633 labores
1399 569 1453 614 et
1481 560 1730 633 dolores,‘

173 637 247 706 qui
267 649 352 706 pro
381 648 439 687 se
481 630 636 688 tanta
663 649 727 688 ac
755 633 876 688 talia
901 632 1170 706 sustinuit.
1219 630 1322 684 Per
1349 633 1533 685 multas
1563 632 1714 706 enim

169 702 476 761 tubulatione:
525 714 726 774 oportet
767 719 858 757 nos
904 705 1091 756 intrare
1131 704 1183 755 in
1229 718 1437 774 regnum
1477 702 1718 756 caelorum

169 781 281 842 (Art.
308 790 428 840 xiv,
455 774 524 830 21
552 773 594 845 ).
641 775 1008 844 Amplectatur
1056 774 1226 845 igitur
1261 773 1312 845 te
1347 773 1711 845 animamea,

129 853 135 859 '
171 847 358 902 Dmnine
383 846 531 914 Iesu,
553 843 908 909 crucifixum,
943 854 1117 900 sumat
1157 844 1231 898 tui
1271 843 1560 900 dulcissimi
1589 858 1715 898 sau-

173 919 318 989 guinis
359 916 609 989 haustum
665 935 680 972 :
733 925 961 986 occupet
1011 915 1328 989 memoriam
1372 929 1550 989 meam
1601 914 1719 970 huic

171 985 320 1044 suavis
356 988 650 1051 meditatio,
696 1004 764 1044 ne
806 985 884 1044 ex
912 995 1026 1041 toto
1065 1000 1184 1041 eam
1226 985 1422 1041 oblivio
1447 987 1714 1040 obscuret.

171 1060 379 1116 Iudicem
400 1076 486 1115 me
513 1061 642 1114 nihil
670 1060 826 1122 scire,
852 1058 953 1113 nisi
975 1057 1162 1113 Jesum
1175 1056 1474 1120 Christum,
1499 1065 1554 1110 et
1579 1056 1716 1110 hunc

174 1130 481 1196 cruciﬁxum;
521 1147 591 1186 ne
628 1131 905 1186 scientiam
932 1143 1104 1184 meam
1131 1142 1162 1182 a
1185 1127 1452 1182 soliditate
1480 1127 1600 1182 fidei
1627 1142 1720 1180 va-

176 1219 259 1257 nus
301 1217 443 1256 error
489 1201 718 1256 abducat
768 1219 782 1255 :
828 1201 1058 1256 vindicet
1106 1199 1208 1254 sibi
1259 1206 1432 1253 totum
1477 1213 1716 1252 amorem

179 1289 328 1327 meum
371 1273 479 1328 haec
527 1283 614 1327 tua
662 1272 795 1326 mira
845 1271 1101 1337 dilectio;
1151 1285 1219 1324 ne
1265 1269 1412 1324 illum
1455 1269 1718 1337 cupiditas

181 1344 427 1398 mundialis
465 1343 764 1399 absorbeat.
800 1343 1027 1397 Mentem
1057 1341 1198 1396 enim
1227 1356 1385 1410 quam
1428 1349 1562 1404 tuae,
1609 1339 1718 1394 Do-

183 1415 322 1478 mine,
349 1413 564 1468 dulcedo
592 1415 866 1468 cliaritatis
895 1412 1271 1481 compleverit,
1300 1427 1404 1466 non
1437 1411 1594 1465 timor
1619 1425 1717 1464 an-

186 1493 350 1555 gustat,
379 1485 661 1540 nonlibido
692 1485 1063 1545 commaculet,
1095 1497 1205 1537 non
1234 1482 1310 1537 ira
1341 1482 1584 1555 dilaniat,
1611 1496 1718 1535 non

191 1553 403 1623 superbia
427 1557 617 1619 elevat,
651 1571 753 1610 non
793 1555 1104 1609 cenodoxim
1135 1555 1304 1607 inanis
1350 1553 1524 1607 fumus
1552 1567 1716 1606 even-

191 1628 304 1690 tilat,
345 1643 438 1680 non
481 1627 703 1696 exagitat
747 1627 927 1689 furor,
976 1641 1080 1680 non
1125 1625 1373 1696 stimulus
1416 1623 1720 1696 ambitionis

191 1700 433 1762 eviscerat,
457 1713 553 1751 non
581 1695 800 1752 avaritia
826 1696 1110 1763 contrahit,
1142 1711 1246 1750 non
1275 1695 1456 1763 dejicit
1486 1695 1716 1761 tristitia,

193 1784 284 1822 non
313 1769 482 1822 invidia
523 1769 768 1822 tabefacit
812 1785 824 1820 :
869 1769 1069 1822 nullum
1115 1767 1344 1834 denique
1373 1767 1554 1820 vitium
1599 1780 1718 1819 eam

193 1840 478 1907 corrumpit,
506 1841 623 1893 dum
656 1841 705 1896 in
733 1839 919 1894 eadem
949 1837 1229 1892 dulcedine
1264 1835 1551 1890 immobilis
1593 1851 1720 1905 per-

196 1910 340 1964 sistit.
357 1910 446 1974 Qui
467 1926 580 1980 ergo
601 1912 713 1964 suis
735 1919 881 1964 tanta
910 1917 1127 1979 priestat
1151 1910 1202 1962 in
1232 1907 1499 1977 prresenti,
1525 1915 1720 1977 quanta

203 1980 300 2033 illis
326 1989 476 2034 servat
498 1981 544 2034 in
571 1981 783 2035 futuro?
825 1982 955 2046 Quae
982 1981 1074 2034 dat
1116 1980 1168 2032 in
1202 1980 1482 2048 praesenti,
1517 1987 1723 2045 tempo—

214 2049 334 2120 ralia
355 2060 493 2104 sunt:
517 2068 618 2120 qua:
644 2064 821 2106 autem
853 2051 906 2105 in
937 2050 1111 2105 futuro
1137 2051 1336 2105 sarculo
1377 2065 1435 2104 se
1466 2049 1724 2117 promittit

217 2119 348 2174 Deus
371 2122 465 2176 suis
488 2119 717 2188 daturum,
751 2131 954 2178 aeterna
979 2132 1124 2185 sunt,
1143 2129 1205 2176 et
1231 2120 1721 2188 bonis-temporali-

217 2189 309 2260 bus
336 2192 755 2259 incomparabiliter
782 2193 1029 2248 meliora.
1059 2192 1389 2260 Temporalia
1417 2192 1559 2245 enim
1585 2191 1722 2244 bona

214 2259 410 2316 diflicile
437 2265 772 2332 acquiruntur,
803 2273 858 2319 et
877 2263 1151 2332 .acquisita
1192 2259 1348 2317 facile
1373 2261 1676 2316 dilabuntur
1703 2278 1719 2316 :

210 2339 260 2384 et
294 2347 397 2399 qua
427 2335 560 2388 etiam
599 2334 773 2390 habita
819 2343 971 2398 sunt,
1017 2348 1137 2388 cum
1181 2333 1326 2402 gravi
1368 2332 1724 2388 sollicitudine

201 2402 555 2466 custodiuntur,
583 2415 635 2458 et
667 2421 788 2460 cum
819 2405 1006 2460 dolore
1048 2405 1394 2468 amittuntur,
1433 2413 1489 2458 et
1527 2403 1723 2458 amissa

200 2486 304 2546 cum
327 2475 455 2542 gravi
482 2475 653 2531 labore
693 2483 1090 2546 recuperantur.
1123 2474 1306 2528 Futuri
1336 2484 1513 2528 autem
1542 2474 1723 2529 smculi

202 2542 318 2615 bona
339 2560 578 2614 nunquam
598 2542 934 2614 emittuntur,
960 2561 1225 2615 nunquam
1249 2547 1578 2609 minuuntur,
1602 2560 1723 2602 cum

198 2613 365 2687 gaudio
388 2626 434 2687 et
451 2613 622 2684 quiete
649 2613 1011 2687 possidentur,
1036 2613 1246 2684 semper
1272 2615 1553 2682 habentur,
1582 2631 1726 2670 sem-

199 2699 280 2752 per
299 2684 665 2759 desiderantur,
683 2699 736 2743 et
766 2703 1032 2759 nunquam
1060 2688 1414 2742 fastidiuntur.
1447 2687 1575 2753 Quae
1601 2701 1724 2742 cum

195 2756 339 2828 semel
363 2758 469 2826 quis
492 2760 775 2828 acceperit,
804 2761 873 2813 ita
893 2756 1124 2817 securus
1147 2759 1246 2813 erit
1277 2773 1340 2812 ea
1366 2773 1425 2812 se
1453 2772 1724 2828 nunquam

195 2825 473 2953 agtueissurum
491 2871 504 2891 ,
533 2825 669 2886 sicut
697 2841 876 2886 certus
899 2839 981 2886 est
1008 2830 1093 2885 vel
1120 2829 1222 2885 erit
1247 2829 1338 2885 illa
1353 2842 1423 2884 ese
1452 2825 1723 2900 nunquam

200 2910 223 2947 ε
331 2910 574 2953 amittere.

200 2910 310 2953 reue
331 2910 574 2955 amittere.

252 2967 449 3025 CAPUT
485 2971 645 3027 XVI].
695 2971 953 3027 Promissa
992 2971 1105 3028 Dei.
1148 2969 1229 3025 Ea
1269 2970 1478 3024 nimium
1523 2969 1722 3024 deside-

187 3040 280 3113 rari
313 3057 403 3094 non
449 3054 674 3111 possunt.
708 3043 873 3098 Valde
917 3044 1076 3113 igitur
1117 3041 1415 3112 diligendus
1458 3049 1540 3113 est
1585 3041 1724 3113 Deus

189 3109 236 3163 in
260 3109 510 3185 promissis
535 3115 682 3170 suis:
711 3115 802 3184 qui
827 3109 1015 3185 magna
1040 3115 1193 3168 nobis
1217 3109 1381 3178 dedit,
1403 3111 1497 3166 sed
1523 3111 1724 3185 majora

191 3183 415 3248 promisit.
456 3185 706 3242 Promisit
731 3183 895 3240 nobis
921 3183 951 3239 ἐι
981 3186 1162 3241 labore
1189 3185 1428 3253 requiem
1447 3223 1464 3250 ,
1494 3197 1526 3236 a
1553 3184 1724 3236 servi-

193 3259 289 3306 tute
323 3253 641 3322 libertatem,
689 3273 718 3310 a
767 3257 954 3312 timore
998 3256 1372 3322 securitatem,
1418 3270 1446 3307 a
1495 3267 1724 3308 interere

184 3324 594 3393 consolationem,
625 3341 654 3380 a
685 3337 856 3381 morte
883 3328 1358 3390 resurrectionem,
1389 3335 1440 3380 et
1470 3325 1519 3377 in
1547 3340 1727 3379 resur-

430 3398 650 3476 plepum
703 3399 956 3476 gaudium
979 3440 1002 3476 ,_
1047 3413 1314 3476 summum
1352 3395 1630 3476 gaudium
1669 3404 1725 3476 et

177 3464 476 3538 indelicieus.
507 3464 752 3538 Denique
791 3470 1031 3538 promisit
1064 3469 1219 3524 nobis
1249 3485 1307 3522 se
1351 3464 1552 3538 ipsum,
1587 3465 1726 3538 sicut

177 3534 360 3611 ξᾳηῆι
379 3540 598 3607 patribus
623 3534 820 3596 nostris
839 3540 1084 3596 daturum
1114 3557 1184 3594 sc'
1197 3540 1349 3594 nobis
1372 3534 1518 3611 (an:
1545 3537 1721 3611 1,75).

181 3603 504 3683 negassent
530 3612 691 3683 igitur
721 3613 1100 3682 promissioncs
1131 3611 1225 3664 Dei
1248 3654 1276 3683 ,γ
1293 3619 1346 3663 et
1374 3603 1720 3683 _‘i_nel}‘abile_s';

169 3684 226 3749 ει
250 3691 350 3746 pro
371 3678 471 3749 his,
493 3678 623 3738 et'in
657 3678 738 3738 his
768 3684 879 3738 vult
904 3684 1068 3738 amari
1098 3696 1128 3735 a
1158 3682 1308 3735 nobis
1339 3681 1516 3749 aliquo
1542 3680 1721 3734 modo.

165 3745 223 3824 Si
246 3745 466 3824 inodum
478 3769 686 3824 quaaras
704 3798 718 3820 ,
747 3755 1034 3810 vehemens
1061 3753 1380 3824 desiderium
1412 3745 1724 3820 promissio-

165 3818 278 3887 υἷε,
308 3818 592 3893 ωοάιιε’θει
617 3818 834 3881 ameris.
868 3825 1159 3880 l’romissio
1190 3823 1284 3878 Dei
1313 3818 1723 3893 quantumcumo

169 3906 262 3960 que
309 3892 674 3960 desideretur,
727 3898 901 3951 minus
952 3895 1286 3950 desideratur
1331 3892 1489 3960 quam
1543 3892 1722 3948 debet.

169 3958 284 4016 Nam
317 3958 798 4038 quantumcumque
839 3967 1160 4038 profecerit,
1189 3966 1308 4038 plus
1335 3958 1512 4038 debet.
1542 3963 1724 4019 Vehe-

169 4048 306 4108 φθῇς
329 4035 503 4108 itaque
532 4035 859 4094 deside—rium
885 4039 1066 4107 aliquo
1101 4036 1391 4108 modoﬁnon
1421 4035 1580 4108 habet
1605 4049 1724 4108 mo.-

165 4102 278 4178 dltm
301 4149 314 4172 ,
338 4102 458 4164 cum
489 4123 594 4164 non
641 4112 806 4178 possit
832 4125 952 4166 esse
977 4102 1218 4164 nimium.
1251 4106 1383 4163 Cum
1423 4107 1474 4162 in
1517 4105 1727 4178 caeteris

164 4175 310 4232 rebus
353 4175 684 4248 impatientia
733 4182 900 4236 soleat
944 4179 1179 4250 culpari,
1231 4180 1282 4234 in
1330 4177 1728 4250 exspectatione

161 4253 312 4319 tantae
336 4251 704 4318 promissionis
734 4252 1009 4306 laudabilis
1035 4249 1116 4306 est
1137 4251 1427 4305 vehemens
1455 4249 1727 4319 impatien-

161 4317 225 4390 tia
253 4317 540 4390 dilationis.
573 4324 705 4377 Cum
749 4339 870 4377 eum
912 4323 1002 4390 qui
1045 4323 1163 4390 plus
1192 4329 1367 4384 amat,
1415 4329 1469 4375 et
1491 4317 1580 4388 qui
1610 4319 1727 4389 plus

161 4386 437 4464 desiderat,
468 4393 737 4448 dilationis
759 4386 1105 4464 impatientia
1137 4392 1305 4463 magis
1328 4386 1564 4464 cruciat,
1589 4386 1728 4464 spes

160 4473 270 4538 qua:
292 4461 737 4538 diﬂ’erturgaflligit
759 4461 1010 4538 animam.
1039 4464 1152 4538 haec
1179 4461 1356 4538 autem
1385 4462 1561 4538 omnia
1588 4461 1725 4538 bona

163 4531 212 4582 in
233 4533 434 4605 ctelesti
465 4531 727 4590 habentur
756 4536 946 4605 patria.
983 4536 1054 4590 De
1081 4535 1171 4589 illo
1207 4535 1364 4605 igitur
1391 4534 1566 4605 bono,
1585 4531 1725 4605 quod

164 4603 388 4676 omnium
427 4607 688 4660 bonorum
721 4603 986 4662 summum
1017 4614 1130 4674 est,
1175 4604 1304 4676 quid
1335 4605 1420 4658 vel
1449 4603 1604 4674 quale
1633 4603 1722 4669 sit,

165 4674 376 4737 Primum
399 4677 687 4732 dicendum
711 4688 814 4732 est.
1195 4674 1208 4676 ’
1449 4705 1461 4712 -

228 4741 444 4818 CAPUT
487 4747 672 4802 XVIII.
726 4749 888 4815 Quale
915 4758 962 4802 et
1004 4756 1248 4818 quantum
1294 4746 1564 4818 electorum
1602 4761 1728 4815 gau-

170 4812 311 4867 dium.
334 4887 337 4888 ν
363 4817 638 4873 Beatorum
687 4812 876 4876 méntes
931 4812 1139 4873 invicem
1189 4818 1444 4888 patebunt.
1499 4812 1726 4884 Corpora

172 4897 301 4962 erant
324 4887 534 4962 integra.
565 4890 641 4962 (α)
676 4890 978 4945 Excitemus
1003 4887 1240 4962 igitueet
1269 4889 1531 4962 erigamus
1557 4895 1722 4962 totum

174 4957 476 5031 intellectum
505 4957 767 5026 nostrum,
801 4963 853 5015 in
889 4957 1140 5031 quantum
1167 4957 1308 5014 Deus
1342 4958 1644 5031 donaverit,
1672 4966 1726 5012 et

175 5028 443 5112 Cogitemus
470 5032 627 5112 quale
650 5043 703 5087 et
729 5028 982 5112 quantum
1007 5033 1313 5112 electorum
1339 5030 1408 5084 sit
1429 5030 1644 5084 unicum
1671 5037 1727 5084 et

174 5100 416 5174 §ingulare
455 5100 705 5173 gaudium
747 5100 916 5174 istud,
946 5103 1147 5174 scilicet
1175 5115 1338 5174 unum
1365 5110 1420 5155 et
1459 5115 1722 5174 summum

174 5163 368 5239 bonurn,
412 5163 552 5244 quod
602 5183 685 5229 est
730 5174 870 5244 vita,
902 5163 1042 5238 'qu,
1091 5171 1396 5244 beatitudo,
1441 5170 1720 5240 sapientia,

175 5243 499 5299 :eternitas’et
542 5246 707 5300 multa
750 5243 1049 5314 hujusmodi
1096 5243 1271 5308 bona;
1303 5252 1357 5298 et
1401 5253 1577 5314 tamen
1617 5255 1723 5314 non

175 5320 240 5362 est
279 5314 374 5368 nisi
420 5332 635 5371 unicum
680 5324 734 5370 et
783 5310 1046 5371 summum
1094 5315 1311 5379 bonum,
1362 5313 1578 5368 omnino
1621 5310 1722 5366 sibi

176 5379 448 5458 Sufﬁciens,
495 5388 644 5442 nullo
694 5386 956 5458 indigens,
1003 5401 1108 5456 quo
1157 5385 1332 5458 omnia
1382 5384 1636 5458 indigent
1667 5390 1724 5437 ut

177 5452 294 5519 sint,
324 5467 374 5511 et
401 5457 539 5514 bene
568 5458 694 5512 sint.
746 5452 856 5512 Hoc
888 5452 1083 5511 bonum
1115 5465 1198 5511 est
1235 5457 1374 5510 Deus
1402 5455 1591 5516 Pater,
1623 5452 1724 5507 hoc

177 5532 244 5574 Bt
263 5523 499 5596 Verbum,
553 5529 606 5584 id
652 5539 756 5595 est,
808 5528 970 5583 Filius
1014 5528 1220 5591 Patris;
1275 5527 1375 5580 hoc
1422 5527 1592 5596 ipsum
1643 5531 1725 5596 est

185 5603 304 5665 ηπ
323 5615 458 5656 unus
482 5595 536 5656 et
563 5601 863 5656 communis
890 5600 1030 5654 Patri
1057 5609 1111 5654 et
1140 5598 1296 5662 Filio,
1331 5595 1532 5652 scilicet
1557 5595 1724 5665 Spiri-

195 5663 247 5719 IB
271 5684 475 5728 sanctus
516 5673 586 5728 ab
628 5681 852 5740 utroque
879 5671 1195 5742 procedens.
1229 5669 1382 5737 Quod
1421 5663 1614 5723 autem‘
1640 5674 1724 5723 est

186 5810 367 5942 utiqu
381 5811 597 5866 smelmi
615 5808 828 5874 Hostes.
854 5821 960 5872 cap.
983 5807 1159 5871 22-33;
1184 5820 1250 5861 ex
1272 5806 1359 5859 lib.
1382 5806 1563 5871 medie,
1580 5819 1720 5871 capp.

459 6001 492 6012 -ι
605 5996 635 6010 θ’

3289 389 3403 449 862

1825 490 2062 574 singulos
2085 492 2313 574 quisque
2327 534 2342 558 ,
2367 494 2474 551 hoc
2499 504 2582 552 est
2621 505 2728 555 tota
2763 499 2992 561 Trinitas
3019 503 3198 574 simul,
3239 507 3402 567 Pater

1823 562 2068 651 etli'ilius
2097 562 2150 618 et
2175 562 2406 651 Spiritus
2429 579 2642 624 sanctus
2670 589 2684 624 :
2713 576 2959 651 quoniam
2986 562 3227 651 singulos
3240 562 3400 651 quis;

1821 648 1926 720 que
1967 649 2070 720 non
2109 645 2192 690 est
2231 636 2378 720 aliud
2412 653 2571 720 quam
2613 636 2820 700 sumine
2857 636 3302 720 simplexvunitas',
3345 659 3402 708 et

1823 719 2161 788 somnieuna
2203 708 2552 788 simplicitas,
2583 727 2700 788 qu:_e
2743 730 2840 770 nec
2882 708 3246 788 multiplicari,
3289 708 3398 779 nec

1823 774 1963 856 aliud
1986 784 2049 856 et
2092 777 2234 832 aliud
2247 774 2398 856 esse
2421 774 2616 856 potest.
2651 783 2818 856 Porro
2841 802 3002 856 unum
3030 774 3112 845 est
3146 774 3397 850 necesse;

1826 845 2130 930 rium(buc.
2163 849 2347 917 x,42).
2367 845 2534 930 Porro
2562 852 2664 908 hoc
2689 864 2769 930 est
2798 855 2926 911 illud
2955 874 3114 930 unum
3145 845 3397 920 necessa-

1823 922 1958 970 rinm
1976 959 1991 984 ,
2019 922 2072 973 iu
2102 934 2208 990 quo
2235 935 2393 976 omne
2416 922 2614 999 bonum
2649 941 2679 999 :_
2693 926 2801 983 imo
2837 928 2979 999 quod
3007 938 3089 984 est
3122 946 3280 988 omne
3300 976 3314 999 ,
3342 944 3399 990 et

1823 1003 2018 1072 unum,
2049 999 2103 1072 et
2141 999 2343 1072 totum,
2371 1001 2425 1047 et
2451 994 2881 1072 solumbonum.
2921 998 2975 1054 Si
3005 1001 3146 1055 enim
3188 994 3393 1072 singula

1821 1058 1958 1140 bona
1988 1061 2320 1140 delectabilia
2355 1073 2506 1130 sunt,
2537 1067 2710 1140 cogita
2736 1076 2938 1124 attente
2973 1085 3130 1139 quam
3158 1058 3393 1128 delecta;

1821 1131 1926 1184 bile
1954 1131 2040 1210 sit
2091 1132 2216 1210 illud
2258 1133 2492 1202 bonum,
2538 1131 2676 1205 quod
2726 1139 2964 1210 continet
2992 1131 3396 1210 "jucunditatetn

1819 1205 2058 1256 omnium
2100 1203 2389 1276 bonorum.
2423 1217 2478 1261 et
2518 1203 2623 1262 non
2655 1209 2879 1276 qualem'
2908 1211 2963 1264 in
3003 1203 3162 1268 rebus
3205 1215 3398 1269 creatis

1821 1286 2006 1351 sumus
2037 1275 2262 1343 experti,
2295 1277 2390 1331 sed
2418 1285 2564 1351 tanto
2604 1275 2968 1349 dilTerentem,
2995 1291 3195 1351 quanto
3219 1283 3398 1340 differt

1817 1340 2040 1420 Greater
2075 1340 2398 1420 a'creatura.
2445 1347 2503 1402 Si
2547 1351 2813 1420 enimest
2858 1340 3138 1408 bona'vita
3181 1365 3393 1420 creata;

1819 1430 1978 1492 quam
2011 1414 2149 1470 bona
2187 1427 2269 1492 est
2294 1418 2720 1492 Vitamatrix?
2765 1422 2822 1476 Si
2863 1423 3090 1492 jucunda
3134 1435 3215 1480 est
3252 1414 3413 1480 salus

1823 1483 1996 1569 iacta;
2030 1501 2195 1569 quam
2235 1489 2465 1569 jucunda
2502 1496 2586 1569 est
2611 1491 2766 1545 Salus
2795 1483 2915 1569 quae
2959 1494 3080 1549 fecit
3122 1496 3396 1552 salutem?

1820 1555 1876 1630 Si
1905 1555 2150 1612 amabilis
2184 1555 2267 1614 est
2295 1561 2550 1630 sapientia
2577 1574 2696 1615 cum
2723 1555 3024 1630 cognitione
3053 1580 3230 1621 rerum
3259 1582 3392 1621 con-

1823 1627 2092 1706 ditarum;
2135 1645 2290 1706 quam
2308 1627 2560 1706 amabilis
2599 1641 2687 1706 est
2703 1627 2970 1706 Sapientia
3003 1652 3122 1706 quae
3160 1637 3395 1692 condidit

1823 1699 1998 1776 omnia
2027 1715 2092 1753 ex
2120 1700 2330 1776 nihilo?
2376 1702 2613 1776 Denique
2645 1704 2705 1776 si
2723 1699 2901 1776 multa:
2925 1714 2980 1776 et
3004 1699 3207 1776 magna:
3245 1707 3394 1762 dele-

1821 1769 2082 1828 ctationes
2132 1780 2256 1848 sunt
2309 1773 2360 1826 in
2391 1769 3290 1848 _rebtis__delectabilibus;'qualis
3339 1785 3395 1834 et

1822 1849 2019 1914 quanta
2042 1849 2130 1914 est
2156 1842 2441 1914 delectatio
2471 1844 2521 1897 in
2553 1844 2646 1898 illo
2681 1845 2770 1914 qui
2801 1845 2927 1900 fecit
2954 1842 3398 1902 omnia'delecta-

1821 1909 1947 1989 bilia
1968 1911 1990 1962 ’ἒ
2032 1912 2076 1965 0
2104 1913 2197 1989 qui
2223 1914 2322 1989 h_oc
2352 1909 2722 1989 bonofruetur
2741 1917 2903 1989 ,_quid
2937 1918 3009 1972 illi
3040 1919 3159 1984 erit,
3188 1927 3242 1972 et
3267 1919 3396 1989 quid

1825 1980 1910 2060 illi
1928 1997 2031 2035 non
2057 1980 2200 2038 erit?
2236 1983 2672 2060 Certequidquid
2699 1980 2860 2052 velet,
2889 1988 3025 2060 erit;
3067 1999 3120 2044 et
3141 1980 3396 2060 quidquid

1824 2052 1996 2128 nolet,
2041 2069 2146 2108 non
2177 2056 2297 2128 erit.
2344 2052 2652 2128 lbi'quippe
2685 2068 2842 2112 erunt
2887 2052 3024 2112 bona
3061 2052 3300 2128 corporis
3341 2069 3398 2116 et

1824 2124 2036 2198 animai,
2081 2125 2252 2198 qualia
2282 2141 2392 2198 nec
2433 2124 2620 2181 oculus
2648 2129 2808 2198 vidit,
2858 2144 2954 2183 nec
2997 2131 3142 2184 auris
3158 2124 3393 2198 audivit,

1825 2208 1924 2249 nec
1953 2195 2004 2247 in
2032 2209 2125 2271 cor
2149 2195 2380 2251 hominis
2403 2198 2643 2271 ascendit
2667 2200 2681 2229 ¹
2710 2197 2764 2271 (1
2789 2199 2905 2253 Cor.
2934 2215 2990 2264 ιι,
3017 2201 3098 2268 9).
3129 2200 3238 2255 Cur
3267 2195 3396 2271 ergo

1825 2278 1922 2332 per
1945 2266 2106 2339 multa
2129 2281 2378 2336 vagamur
2395 2268 2684 2336 quaerendo
2709 2269 2843 2323 bona
2867 2266 3108 2339 corporis
3125 2281 3179 2326 et
3199 2266 3394 2325 animle

1825 2337 2063 2408 nostrnz?
2102 2341 2546 2408 Aniemusiunum
2575 2340 2770 2393 bonum
2793 2381 2806 2403 ,
2852 2341 2905 2394 in
2934 2337 3040 2408 quo
3066 2350 3191 2396 sunt
3217 2341 3396 2396 omnia

1823 2405 1960 2461 bona
1987 2424 2000 2469 ;
2029 2416 2080 2461 et
2108 2407 2320 2481 sufficit.
2353 2407 2724 2481 Desideremus
2750 2405 2972 2481 simplex
3005 2413 3222 2478 bonum,
3252 2411 3395 2481 quod

1826 2485 1908 2531 est
1935 2491 2092 2531 omne
2135 2479 2368 2542 bonum;
2409 2486 2463 2532 et
2489 2480 2618 2533 satis
2650 2489 2749 2533 est.
2799 2480 2936 2545 Quid
2977 2482 3118 2536 enim
3149 2479 3328 2548 amas,
3362 2497 3397 2537 ο

1825 2549 1992 2602 caro?
2037 2548 2163 2622 quid
2205 2548 2496 2622 desideras,
2545 2563 2579 2603 ο
2621 2549 2844 2622 anima?
2891 2551 2963 2605 lbi
3013 2560 3094 2606 est
3140 2551 3397 2622 quidquid

1825 2633 2003 2692 amas,
2038 2619 2293 2692 quidquid
2319 2618 2611 2692 desideras.
2645 2620 2788 2692 Bona
2821 2636 2948 2691 ergo
2973 2622 3122 2692 regni
3161 2618 3395 2678 cmlestis

1826 2687 2005 2743 dicere
2046 2691 2127 2743 vel
2171 2687 2406 2759 cogitare
2447 2691 2530 2746 vel
2576 2687 2976 2760 intelligerc'ut
3015 2687 3172 2760 sunt,
3217 2694 3397 2750 nullus

1825 2767 2002 2828 potest
2030 2774 2189 2814 carne
2217 2761 2439 2815 vestitus
2474 2778 2486 2812 :
2535 2761 2702 2815 multo
2744 2763 2883 2816 cnim
2936 2763 3134 2829 maiora
3177 2773 3301 2820 sunt
3343 2773 3400 2822 ct

1823 2830 2068 2892 meliora,
2100 2846 2404 2903 quamqua:
2431 2832 2727 2902 cogitamus
2761 2842 2850 2887 aut
2880 2834 3242 2903 intelligimus.
3286 2835 3396 2889 Ite-

1825 2916 1984 2970 gnum
2014 2917 2238 2970 namque
2265 2901 2356 2956 Dei
2383 2901 2527 2956 omni
2565 2903 2701 2956 fama
2725 2905 2906 2972 majus
2933 2915 3036 2971 est,
3056 2901 3212 2960 omni
3235 2906 3396 2962 laude

1827 2973 2045 3037 melius,
2086 2973 2230 3026 omni
2271 2973 2487 3047 scientia
2527 2974 3008 3047 intiuiiierabilius,
3053 2978 3198 3030 omni
3225 2977 3396 3047 gloria

1827 3058 1944 3111 quie
1970 3053 2189 3117 putatur
2210 3044 2575 3117 excellen_tius._
2604 3043 2864 3117 Regnum,
2899 3046 3134 3113 inquam,
3165 3043 3256 3102 Dei
3286 3047 3396 3117 ple-

1826 3130 1951 3187 num
1979 3124 2061 3169 est
2090 3115 2224 3187 lucis
2248 3129 2310 3168 ac
2337 3115 2800 3187 pacis,__charitatis
2825 3125 2877 3170 et
2901 3118 3192 3187 sapientiae,
3224 3115 3396 3174 hone-

1825 3184 1976 3240 statis
2003 3195 2058 3240 et
2099 3185 2299 3254 gloriae,
2337 3184 2632 3239 dulcedinis
2659 3196 2712 3239 et
2749 3184 3070 3252 dilectionis,
3101 3189 3298 3242 lmtitiac
3339 3198 3393 3244 et

1826 3255 2167 3310 beatitudinis
2196 3255 2465 3325 perennis,
2493 3265 2546 3310 et
2573 3255 2745 3310 omnis
2769 3256 2890 3310 boni
2921 3257 3225 3325 ineffabilis,
3252 3260 3396 3326 quod

1826 3341 1924 3380 nec
1947 3326 2048 3380 dici
2087 3342 2183 3380 nec
2210 3326 2428 3396 cogitari
2455 3334 2647 3394 potest.
2696 3327 2800 3381 Nec
2849 3328 2967 3381 ideo
3010 3337 3182 3383 tamen
3223 3328 3396 3386 debeo

1824 3399 2143 3470 taeere,_scd
2171 3397 2347 3451 dicere
2375 3406 2630 3470 quantum
2659 3398 2830 3470 valeo,
2864 3399 3195 3470 quiadiecre
3228 3415 3396 3470 quau-

1827 3477 1936 3522 tum
1964 3468 2086 3522 volo
2115 3484 2218 3522 non
2249 3470 2416 3538 valeo.
2464 3466 2644 3536 Neque
2679 3469 2821 3523 enim
2849 3466 2968 3538 quia
2998 3469 3170 3525 Deum
3213 3466 3396 3525 ineffa-

1821 3539 1983 3610 bilem
2033 3540 2333 3610 credimus,
2381 3537 2590 3610 {aride
2635 3539 2730 3610 illo
2778 3537 2917 3609 (μιοά
2965 3554 3246 3610 possumus
3287 3555 3395 3596 non

1824 3609 2100 3682 debemus.
2130 3609 2204 3664 Ita
2230 3625 2357 3663 sane
2383 3617 2434 3663 et
2461 3609 2576 3678 plus
2601 3609 2850 3666 credatur
2871 3609 3053 3682 deiilla
3074 3613 3201 3682 vita,
3235 3627 3395 3682 quam

1827 3681 2112 3743 scribitur;
2157 3681 2279 3750 quia
2309 3694 2410 3734 non
2439 3689 2610 3749 potest
2638 3689 2838 3736 tantum
2871 3681 2992 3736 inde
3024 3681 3394 3750 proferriser-

1825 3767 2017 3817 mone,
2051 3761 2304 3822 quantum
2344 3753 2520 3820 potest
2564 3760 2740 3807 mente
2767 3752 3085 3821 complecti;
3127 3763 3181 3807 et
3220 3754 3395 3810 minus

1825 3823 2056 3893 concipit
2070 3821 2268 3879 mentis
2293 3821 2540 3878 humana:
2559 3823 2947 3890 quantumlibet
2971 3823 3228 3893 profunda
3247 3839 3397 3880 com-

1828 3893 2030 3966 plexio,
2061 3910 2217 3964 quam
2249 3911 2306 3966 se
2345 3893 2539 3966 habeat
2565 3895 2729 3964 ipsius
2770 3895 2846 3950 rei
2885 3895 3209 3965 magnitudo.
3251 3895 3396 3966 Ergo

1827 3965 1998 4037 futura
2032 3966 2136 4019 vita
2165 3965 2411 4020 credatur
2442 3965 2593 4022 beate
2631 3966 2952 4035 sempiterna
2983 3977 3035 4020 et
3073 3965 3396 4037 sempiterne

1828 4035 1981 4090 beata
2011 4053 2023 4089 :
2055 4037 2142 4090 ubi
2181 4044 2265 4091 est
2301 4045 2444 4089 certa
2480 4037 2758 4107 securitas,
2798 4051 2984 4092 secura
3025 4035 3392 4107 tranquillitas,

1831 4107 2113 4176 tranquilla
2149 4107 2470 4176 jncunditas,
2516 4106 2641 4160 felix
2678 4109 2968 4171 aeternitas,
2997 4106 3193 4163 aeterna
3225 4109 3394 4163 felici-

1829 4185 1909 4232 tas
1932 4194 1946 4242 ;
1991 4179 2079 4233 ubi
2105 4193 2255 4232 amor
2280 4187 2358 4231 est
2388 4176 2670 4244 perfectus,
2699 4179 2856 4232 timor
2880 4179 3076 4243 nullus,
3103 4179 3218 4232 dies
3241 4187 3398 4235 tetes-

1829 4264 1964 4314 nus,
2011 4250 2188 4303 alacer
2237 4257 2442 4314 motus,
2489 4256 2542 4302 et
2585 4263 2718 4300 unus
2767 4252 3002 4301 omnium
3046 4249 3282 4316 spiritus,
3329 4249 3398 4304 de

1828 4320 2275 4388 contemplatione
2300 4317 2392 4388 Dei
2419 4317 2496 4370 sui
2519 4360 2533 4384 ,
2569 4333 2632 4372 ac
2667 4315 2733 4371 de
2763 4331 2856 4371 sua
2883 4334 3001 4372 cum
3028 4315 3119 4372 illo
3144 4333 3396 4387 perman-

1829 4391 1978 4446 sione
2004 4387 2258 4453 securus;
2306 4387 2392 4442 ubi
2421 4388 2531 4456 ipsa
2569 4388 2773 4455 civitas,
2805 4404 2924 4458 quae
2959 4397 3043 4442 est
3075 4389 3397 4458 Augelorum

1829 4463 2064 4516 oniuium
2092 4471 2249 4528 atque
2275 4466 2579 4530 sanctorum
2605 4461 3010 4530 congregatione
3039 4458 3212 4524 beata,
3239 4461 3399 4515 meri-

1833 4535 1897 4585 tis
1945 4531 2263 4601 fulgentibus
2311 4528 2507 4601 micat;
2559 4530 2654 4601 ubi
2692 4528 2890 4584 mterna
2935 4530 3078 4585 salus
3118 4530 3394 4598 exuberat,

1831 4597 2395 4672 veritas'regnat;i_ubi
2426 4615 2528 4672 nec
2557 4597 2688 4654 fallit
2715 4601 3014 4670 quisquam,
3039 4615 3138 4655 nec
3165 4597 3396 4668 fallitur;

1829 4674 1971 4728 unde
1996 4670 2182 4726 beatus
2207 4670 2382 4724 nullus
2415 4671 2659 4738 cjicitur;
2703 4672 2792 4726 ubi
2819 4672 2992 4725 nullus
3015 4673 3182 4726 miser
3205 4673 3400 4727 admit-

1830 4745 1975 4799 titur.
2002 4744 2126 4798 Ilaec
2158 4751 2239 4797 est
2265 4743 2672 4810 contemplativa
2695 4743 2800 4797 vita
2839 4743 3012 4806 beata,
3036 4741 3100 4796 ad
3128 4758 3284 4814 quam
3308 4745 3400 4812 qui

1826 4815 2089 4870 bonorum
2117 4828 2338 4882 operum
2359 4814 2817 4868 consummatione
2845 4814 3206 4882 pervenerint,
3232 4814 3401 4870 beatis

1829 4887 2028 4940 similes
2058 4893 2230 4947 erunt,
2257 4891 2311 4938 et
2345 4883 2505 4955 simul,
2531 4898 2651 4938 cum
2677 4883 2786 4939 Deo
2815 4886 2932 4939 sine
2957 4885 3062 4939 fine
3083 4886 3397 4955 regnabunt.

1829 4956 1979 5022 Quod
2007 4965 2183 5010 autem
2221 4955 2307 5008 hic
2333 4954 2689 5020 crediderunt,
2715 4955 2784 5010 ibi
2813 4955 3066 5010 videbunt
3093 4973 3105 5008 :
3135 4954 3214 5010 sui
3240 4956 3402 5012 Crea-

1829 5028 1960 5082 toris
1987 5026 2337 5082 substantiam
2368 5026 2730 5097 mundissimis
2763 5027 3012 5082 cordibus
3036 5029 3402 5097 contemplan-

1829 5108 1928 5166 tes,
1958 5107 2153 5152 aaterna
2195 5096 2542 5152 exsultatione
2565 5097 2884 5166 gaudebunt,
2911 5098 3104 5153 divina:
3124 5096 3402 5154 cbaritatis

1827 5179 1882 5225 et
1903 5179 2098 5224 mutuae
2118 5167 2416 5223 dilectionis
2440 5168 2775 5238 possessione
2794 5170 2901 5223 Deo
2922 5185 3020 5224 suo
3041 5170 3093 5223 in
3117 5178 3397 5235 aeternum,

1825 5249 1880 5296 et
1909 5243 2135 5296 invicem
2173 5240 2276 5294 sibi
2300 5238 2682 5294 adhaerebunt:
2725 5240 2953 5308 receptis
2991 5255 3112 5294 cum
3157 5240 3400 5292 incorru-

1829 5313 2008 5381 ptione
2029 5319 2188 5380 atque
2207 5311 2604 5365 immortalitate
2627 5311 2958 5381 corporibus,
2983 5310 3362 5378 municipatum
3381 5311 3402 5342 ⁸

1829 5385 2010 5453 ρειτίίιι
2034 5382 2266 5437 caelestis
2285 5381 2568 5453 accipient,
2592 5391 2746 5451 atque
2767 5381 2881 5452 ejus
2904 5382 2955 5436 in
2977 5391 3236 5436 aeternum
3257 5381 3402 5453 cives

1829 5452 1998 5507 etl'ecti
2025 5453 2240 5522 prmmia
2283 5452 2540 5521 promissa
2581 5453 2944 5522 reportabant.
2977 5453 3052 5506 lbi
3081 5453 3158 5506 eis
3181 5452 3401 5522 exube-

1828 5525 1962 5578 rabit
1991 5521 2132 5578 tanta
2153 5524 2356 5587 lmtitia,
2383 5532 2524 5578 tanta
2553 5521 2846 5584 caelestium
2867 5524 3034 5593 gratia
3057 5521 3398 5593 gaudiorum,

1831 5605 1886 5650 ut
1911 5604 1964 5650 et
1987 5596 2369 5650 remuneratori
2399 5610 2494 5648 suo
2535 5609 2630 5662 pro
2671 5595 2826 5648 tantis
2858 5590 3167 5647 muneribus
3205 5590 3403 5662 gratias

1827 5679 2002 5739 agant,
2028 5675 2080 5721 et
2107 5667 2309 5722 nullum
2347 5661 2610 5719 fastidium
2635 5680 2698 5719 ex
2723 5665 2834 5724 ipsa
2855 5662 3088 5717 affluenti
3108 5661 3402 5734 gratiarum

1891 5807 1908 5872 ξ
1945 5804 2076 5865 Apud
2099 5803 2390 5872 Ansclmum,
2415 5814 2500 5872 nec
2522 5813 2610 5872 cor;
2644 5797 2846 5870 flaminis
2867 5797 3110 5870 cogitauit.

1891 5870 1912 5902 '
1943 5861 2026 5921 Ms.
2049 5869 2245 5934 Regius,
2267 5879 2442 5918 manus
2920 5861 2945 5870 ’
3063 5878 3066 5881 ·
3101 5875 3112 5880 ·
