3860 6366
461 331 557 389 871

463 451 563 505 lius
599 444 829 502 hominis
857 447 1028 498 lactus
1052 446 1133 496 est
1160 437 1328 493 Filius
1356 435 1469 492 Dei.
1515 435 1630 491 Hoc
1657 434 1836 505 itaque
1862 432 2043 488 consi-

461 522 664 576 deranti
716 517 841 571 mihi
892 513 1079 565 ﬁducia
1136 521 1213 564 est
1261 509 1468 569 dicere,
1502 508 1614 559 Non
1667 507 1825 559 homo
1874 510 2047 557 minor

500 593 619 646 aulo
650 590 822 641 minus
844 595 923 639 est
951 585 1017 637 ab
1042 580 1253 648 Angelis
1274 620 1288 638 ,
1324 596 1424 631 non
1452 580 1627 641 utique
1648 586 1848 629 tantum
1873 590 2047 648 a'qtta-

485 665 527 715 is
559 661 796 728 Angelis;
831 656 924 708 sed
964 654 1205 719 superior
1237 650 1452 728 Angelis
1483 666 1493 697 :
1522 650 1651 728 _quia
1681 654 1836 700 homo
1870 647 2005 728 Deiis
2028 686 2045 711 ,

463 743 515 786 et
564 718 699 783 Dens
732 718 922 789 homo,
976 718 1077 777 non
1129 720 1364 790 angi-lus.
1414 720 1478 773 Et
1504 720 1672 771 dicam
1707 718 2047 790 propterboc

464 803 729 857 hominem
757 816 873 852 esse
898 789 1212 849 creaturam
1234 790 1626 855 dignissimam,
1668 792 1787 857 quia
1820 789 2046 840 Verbum

463 872 600 942 quod
633 879 772 942 erati
796 861 1331 942 in'principionbetts
1376 862 1512 942 apud
1562 862 1722 913 Deum
1750 878 1779 942 ς.
1815 858 2046 942 Verbum

464 926 557 1012 per
577 941 717 1011 quod
747 926 1077 1012 Deus'diitit',
1114 934 1231 987 Fiat
1260 926 1619 1012 luxL—etfacta
1664 940 1733 983 cst
1763 926 2043 1012 (uad-(ica.

467 974 545 1012 νει
577 974 717 1011 ιιυυυ
747 974 885 994 υιιισ
916 974 1077 999 una“,
1114 974 1135 987 ι
1165 974 1231 986 nu
1260 974 1348 986 υτον
1416 974 1461 984 ν-
1484 974 1619 1001 ,νην-ι-
1664 974 1732 983 vv.
1763 974 1849 983 ...σ-
1893 974 2043 998 κιρ-ν.-.

467 1030 502 1075 l,
532 1012 610 1081 '5),
641 1011 878 1079 angelica
896 1008 1100 1081 scilicet
1125 974 1592 1081 na_tura;_'iierl_mni
1624 1016 1717 1069 per
1738 998 1889 1081 quod
1912 1000 2049 1081 Deus

464 1072 655 1136 creavit
691 1072 865 1133 oinnia
895 1081 945 1131 in
974 1076 1232 1145 principio
1251 1116 1264 1137 ,
1298 1072 1433 1126 idem
1474 1072 1686 1145 Verbum
1715 1087 1831 1145 cara
1861 1074 2049 1145 factum

465 1164 536 1209 est
557 1195 570 1217 ,
599 1162 644 1205 et
672 1151 908 1204 habitavit
928 1139 1171 1209 in'nobis',
1195 1155 1241 1198 et
1263 1144 1477 1196 vidimus
1499 1143 1713 1217 gloriam
1732 1143 1839 1210 ejus
1862 1139 2047 1217 (_Joan.

467 1240 516 1288 ι,
548 1211 572 1276 1
598 1265 613 1287 ,
648 1223 759 1290 li).
796 1222 929 1274 Ecce
953 1218 1117 1289 gloria
1146 1232 1240 1290 per
1284 1229 1438 1283 quam
1470 1211 1929 1290 giarium-quando
1960 1225 2049 1290 sa-

467 1281 833 1363 n'um'glorior.
864 1281 999 1363 Eccve
1024 1281 1270 1363 gaudium
1300 1281 1391 1353 per
1413 1281 1552 1353 quod
1575 1282 1812 1363 gaudeo,
1839 1281 2052 1363 quando

466 1352 655 1419 sanum
684 1362 914 1433 gaudeo,
946 1352 1176 1415 Domine
1219 1352 1358 1411 Deus
1405 1352 1597 1420 meus,
1634 1355 1741 1409 vita
1787 1364 1842 1408 et
1882 1352 2053 1423 gloria

466 1444 576 1491 tota
602 1436 791 1488 anima:
821 1448 974 1487 meae.

537 1507 807 1559 Confiteor
855 1518 1017 1572 ergo,
1071 1498 1293 1553 Domine
1348 1497 1489 1572 Dens
1542 1512 1730 1572 meus,
1794 1510 1915 1572 cum
1970 1508 2056 1549 me

474 1576 667 1633 creain
698 1566 1218 1639 rationis'capacmn,
1266 1568 1479 1636 Angelis
1508 1568 1739 1639 quodani
1771 1566 1930 1620 modo
1959 1580 2057 1634 pa-

470 1664 584 1702 rem
612 1646 800 1700 creasti
831 1664 844 1698 :
874 1644 992 1713 quia
1011 1637 1197 1711 perﬁci
1219 1642 1233 1670 ¹
1269 1654 1487 1713 possum
1508 1654 1602 1708 per
1624 1637 1851 1713 Verbum
1885 1646 2053 1713 tuum,

470 1729 527 1773 ut
557 1719 763 1770 veniam
808 1708 1273 1780 ad'atqualitatem
1324 1710 1681 1780 Augelorum,
1728 1717 1787 1760 ut
1834 1708 2057 1760 habeam

472 1787 809 1856 adoptionem
851 1784 1077 1856 ﬁliorum
1126 1797 1219 1850 per
1248 1779 2011 1856 unigenitum_Verhuuituum
2039 1817 2056 1842 ,

472 1850 728 1918 Domine,
760 1872 851 1921 per
878 1854 1067 1908 Filium
1100 1862 1244 1905 tuum
1268 1852 1518 1903 dilectum
1542 1891 1555 1909 ,
1585 1850 1633 1902 iu
1666 1865 1770 1918 quo
1796 1850 1888 1921 tibi
1919 1850 2059 1902 bene

472 1920 823 1997 complacuit,
857 1940 951 1993 per
993 1924 1162 1976 virum
1188 1921 1682 1997 coliazrentein’et
1707 1920 2059 1997 consubstan-

475 1990 653 2053 tialem
685 1998 776 2050 tibi
803 1990 871 2050 et'
902 2002 1225 2047 cozrteruuin
1268 1992 1449 2046 Jesum
1496 1991 1759 2046 Christum
1786 2033 1799 2054 ,
1847 1990 2059 2043 unicum

475 2069 757 2124 Dominum
783 2077 838 2119 et
880 2064 1273 2132 redemptorem
1320 2073 1597 2125 nostrum,
1651 2062 2058 2132 illuminatoretn

476 2149 532 2195 et
578 2138 965 2193 consolatorem
999 2130 1266 2194 nostrum,
1296 2134 1607 2187 advocatum
1636 2144 1875 2186 nostrum
1921 2130 2062 2200 apud

476 2219 559 2273 te,
602 2220 655 2264 et
681 2209 856 2262 lumen
901 2207 1176 2261 oculorum
1224 2214 1561 2270 nostrorum,
1602 2205 1691 2272 qui
1738 2212 1820 2257 est
1861 2202 1964 2254 vita
2010 2209 2064 2255 et

477 2281 709 2337 salvator
733 2288 938 2341 noster,
970 2288 1023 2329 et
1048 2291 1169 2345 spes
1210 2276 1358 2327 unica
1384 2285 1594 2336 nostra;
1641 2275 1727 2341 qui
1761 2288 1857 2326 nos
1880 2273 2064 2345 dilexit

476 2352 646 2421 magis
674 2365 830 2418 quam
862 2363 953 2413 se,
985 2343 1090 2415 per
1122 2360 1278 2421 quem
1308 2345 1563 2399 habemus
1594 2344 1835 2398 fiduciam
1863 2343 2067 2421 reposi:

478 2413 596 2477 tarn
613 2430 667 2476 et
696 2413 901 2472 ﬁrmam
928 2413 1075 2486 spem
1107 2413 1243 2483 apud
1278 2424 1327 2467 te
1348 2456 1361 2477 ,
1410 2427 1459 2468 et
1507 2430 1777 2486 accessum
1819 2413 2063 2486 veniendi

480 2493 546 2546 ad
576 2502 660 2554 te;
688 2489 935 2558 quoniam
960 2484 1101 2538 dedit
1133 2485 1583 2558 potestatemﬁlios
1617 2485 1707 2558 Dei
1736 2485 1845 2551 ﬁeri
1874 2486 1951 2558 liis
1977 2484 2063 2554 qui

480 2554 765 2616 ereduntin
794 2559 995 2611 nomine
1030 2554 1141 2625 ejus
1189 2554 1505 2626 (lbid.,12).
1554 2554 1789 2609 Laudem
1836 2555 2065 2626 tribuam

483 2632 683 2686 nomini
716 2642 807 2683 tuo
827 2671 840 2691 ,
869 2628 1092 2681 Domine
1112 2669 1126 2691 ,
1154 2625 1243 2695 qui
1271 2640 1355 2678 me
1381 2628 1444 2677 ad
1476 2626 1755 2695 imaginem
1790 2634 1843 2679 et
1871 2625 2059 2679 simili-

482 2702 721 2758 tudinem
750 2710 889 2753 tuam
920 2698 1151 2751 creando
1181 2695 1331 2763 (Gen.
1362 2712 1406 2761 ι,
1438 2696 1564 2764 9.7),
1599 2705 1758 2749 tanta:
1786 2696 1967 2764 gloria:
1991 2696 2067 2750 fe-

483 2773 604 2828 cisn
633 2789 716 2824 me
743 2770 856 2824 fore
884 2767 1276 2835 susceptibilem
1300 2808 1312 2827 ,
1343 2775 1399 2819 ut
1422 2768 1616 2836 possim
1645 2768 1783 2819 filius
1812 2767 1902 2819 Dei
1930 2766 2065 2820 ﬁeri.

483 2843 598 2898 Hoc
623 2842 803 2911 utique
841 2854 947 2893 non
982 2850 1203 2961 possunt
1231 2838 1448 2891 arbores
1471 2879 1486 2901 ,
1533 2853 1636 2890 non
1662 2846 1886 2908 possunt
1931 2837 2067 2905 lapi-

484 2913 581 2961 des
601 2955 614 2961 -
649 2928 752 2961 non
784 2924 979 2961 genera
1006 2910 1105 2961 iter
1130 2909 1306 2961 omnia
1336 2924 1453 2961 (iure
1475 2918 1773 2961 moventur.
1816 2908 1898 2961 vel
1953 2922 2067 2961 cre-

484 2913 581 2967 des
601 2955 615 2976 ,
649 2908 752 2966 non
784 2908 1105 2979 generaliter
1130 2909 1306 2963 omnia
1336 2924 1453 2976 qua:
1475 2918 1773 2975 moventur,
1816 2908 1898 2962 vel
1953 2922 2071 2961 cre—

485 2991 641 3039 scunt
668 2984 719 3036 in
749 2997 905 3045 aere,
950 2981 1031 3034 vel
1064 2980 1116 3034 in
1146 2980 1310 3043 mari,
1335 2979 1415 3032 vel
1445 2979 1495 3032 in
1547 2987 1683 3033 terra
1738 2995 1752 3032 :
1796 2979 1917 3047 quia
1961 2993 2069 3033 non

485 3054 631 3109 dedit
659 3055 738 3107 eis
770 3060 1081 3121 potestatem
1130 3050 1364 3121 \f'erbum
1409 3058 1553 3102 tuum
1594 3050 1731 3102 ﬁlios
1776 3050 1871 3104 Dei
1918 3048 2065 3116 ﬁeri,

485 3127 605 3194 quia
650 3125 1046 3194 rationemnon
1080 3120 1308 3185 habent;
1353 3136 1473 3173 nam
1505 3128 1557 3174 et
1588 3122 1713 3194 lucc
1740 3129 1997 3194 potestas
2016 3121 2069 3175 in

486 3191 692 3249 ratione
717 3193 991 3256 Consistit,
1026 3207 1119 3260 per
1160 3207 1316 3261 quam
1354 3191 1723 3261 cognoscimus
1756 3193 1941 3245 Deum.
1972 3191 2071 3246 De-

484 3265 563 3320 dit
587 3274 761 3319 antem
789 3265 923 3318 hanc
969 3262 1271 3317 hominibus
1291 3304 1306 3325 ,
1335 3277 1468 3330 quos
1497 3263 1696 3316 creavit
1724 3262 2070 3317 rationabiles

485 3336 552 3389 ad
603 3336 883 3405 imaginem
923 3344 974 3387 et
998 3333 1394 3405 similitudinem
1426 3347 1595 3386 suam.
1628 3333 1693 3386 Et
1738 3334 2067 3405 egorutique,

485 3403 743 3473 Domine,
776 3422 870 3475 per
894 3415 1033 3459 tuam
1056 3403 1277 3473 gratiam
1300 3445 1312 3466 ,
1343 3403 1502 3475 homo
1526 3419 1641 3457 sum
1672 3422 1684 3456 :
1707 3413 1760 3457 et
1786 3404 1924 3457 lilius
1949 3413 2071 3457 tuus

486 3493 605 3533 esse
630 3474 842 3545 possum
870 3492 967 3546 per
993 3477 1213 3545 gratiam
1240 3516 1253 3538 ,
1284 3474 1422 3543 quod
1452 3474 1523 3527 illi
1552 3490 1654 3527 non
1688 3484 1927 3542 possunt.

557 3548 708 3603 Unde
737 3547 838 3601 hoc
865 3548 991 3600 mihi
1014 3586 1027 3607 ,
1063 3546 1285 3600 Domine
1306 3585 1320 3609 ,
1351 3546 1544 3598 veritas
1568 3559 1775 3598 summa
1796 3585 1810 3609 ,
1841 3559 2071 3613 veraque

487 3621 765 3673 summitas
786 3660 800 3683 ,
832 3627 883 3670 et
916 3616 1226 3684 principium
1253 3616 1485 3668 onmitnn
1508 3624 1900 3681 creaturarum;
1931 3615 2071 3669 unde

487 3690 590 3742 hoc
614 3689 743 3742 mihi
768 3729 782 3749 ,
816 3688 1034 3739 [lumine
1054 3730 1067 3746 ,
1114 3696 1169 3738 ut
1195 3687 1389 3752 possim
1424 3686 1559 3737 ﬁlius
1606 3696 1723 3737 tuus
1754 3686 1865 3739 ﬁeri
1890 3727 1901 3750 ,
1931 3685 2071 3753 quod

488 3758 563 3812 illi
593 3775 694 3811 non
724 3758 986 3825 possunt?
1028 3757 1103 3808 Tu
1150 3757 1290 3809 enim
1334 3770 1553 3807 manens
1583 3756 1633 3808 in
1667 3764 1922 3809 aeternum
1951 3772 2071 3810 om-

498 3829 581 3883 nia
616 3828 808 3881 creasti
842 3827 1016 3880 simul.
1048 3825 1215 3879 Simul
1243 3825 1431 3878 creasti
1463 3825 1702 3879 homines
1731 3835 1785 3880 et
1808 3827 2068 3895 jumenta,

490 3899 691 3966 lapides
719 3906 771 3951 et
801 3897 1023 3950 virentia
1073 3906 1245 3949 terrm.
1278 3895 1391 3948 Non
1422 3907 1810 3964 praecesserunt
1846 3898 2033 3950 merita
2053 3938 2068 3965 ,

492 3971 636 4025 nulla
682 3984 862 4021 eorum
894 3968 1176 4020 antecessit
1203 3968 1372 4033 gratia
1404 3983 1415 4019 :
1448 3967 1571 4035 quia
1598 3968 1773 4021 ornuia
1824 3976 1910 4020 tua
1959 3977 2072 4020 tan-

493 4048 603 4094 tum
636 4039 869 4092 bonitate
896 4038 1086 4092 creasti
1114 4078 1127 4101 ,
1160 4048 1212 4090 et
1243 4053 1396 4105 pares
1421 4052 1607 4091 omnes
1635 4046 1893 4091 creatura:
1922 4037 2072 4092 fuere

490 4110 543 4165 in
576 4109 776 4165 meritis
797 4150 811 4172 ,
843 4109 960 4178 quia
993 4110 1228 4161 omnium
1258 4109 1395 4161 nulla
1427 4109 1570 4162 fuere
1598 4110 1802 4161 merita.
1833 4109 1902 4163 Et
1931 4108 2072 4163 unde

490 4197 619 4249 ergo
648 4181 814 4249 magis
860 4190 943 4232 tua
978 4180 1183 4232 bonitas
1214 4180 1263 4232 in
1312 4182 1408 4233 hac
1452 4187 1536 4232 tua
1585 4188 1865 4246 creatura,
1912 4195 2070 4249 quam

490 4251 661 4306 fecisti
711 4250 1052 4315 rationalem,
1086 4266 1242 4318 quam
1277 4251 1325 4303 in
1358 4251 1600 4303 omnibus
1644 4249 1762 4303 aliis
1800 4266 1919 4320 quae
1950 4259 2074 4305 sunt

495 4323 611 4377 sine
654 4323 858 4377 ratione
877 4364 891 4388 ,
942 4322 1225 4390 apparuit?
1250 4322 1421 4385 Quare
1452 4336 1557 4373 non
1598 4335 1697 4389 ego
1724 4322 1858 4374 sicut
1887 4336 2072 4377 omnes

494 4394 622 4457 illze,
649 4402 739 4447 aut
765 4408 860 4447 cur
884 4408 989 4446 non
1018 4408 1205 4446 omnes
1236 4392 1336 4445 illa:
1364 4392 1499 4445 sicut
1521 4407 1619 4460 ego
1640 4432 1652 4453 ,
1681 4401 1769 4445 aut
1797 4407 1896 4461 ego
1925 4392 2071 4445 solus

489 4465 627 4520 sicut
657 4475 709 4519 et
735 4464 877 4519 illae?
906 4465 1033 4531 Qua:
1064 4479 1177 4516 mea
1212 4464 1397 4517 merita
1418 4505 1432 4526 ,
1466 4479 1581 4531 quae
1621 4478 1735 4515 mea
1782 4466 1949 4530 gratia
1974 4504 1988 4527 ,
2015 4472 2073 4518 ut

489 4551 578 4592 tne
625 4535 829 4590 tilium'
881 4535 969 4590 Dei
1024 4550 1178 4603 posse
1227 4536 1337 4588 fieri
1385 4534 1777 4603 snsceptibilem
1822 4549 2069 4601 creares,

491 4606 633 4676 quod
663 4608 765 4660 illis
812 4606 1056 4659 omnibus
1106 4604 1437 4676 denegares?
1484 4606 1663 4669 Absit,
1717 4604 1970 4668 Domine,
2016 4613 2075 4658 ut

490 4674 595 4731 lioc
619 4678 864 4731 sentiam.
893 4676 1004 4729 Tua
1034 4686 1235 4729 tantuli:
1266 4674 1429 4739 gratia
1448 4715 1462 4736 ,
1493 4684 1577 4727 tua
1625 4682 1823 4726 tantum
1866 4676 2073 4730 bonitas

492 4746 597 4802 hoc
625 4748 774 4811 fecit,
806 4755 861 4799 ut
885 4760 1058 4799 essem
1084 4745 1353 4816 particeps
1378 4744 1831 4816 dulcedinisejus.
1859 4744 1949 4797 Illa
1979 4747 2073 4816 igi-

490 4824 579 4872 tur
604 4820 771 4887 gratia
802 4831 903 4884 qua
951 4832 1034 4870 me
1063 4815 1129 4869 de
1159 4815 1321 4869 nihilo
1346 4815 1588 4887 creasti,
1638 4814 1778 4887 illam
1800 4856 1815 4879 ,
1847 4814 2027 4883 qiueso
2054 4857 2070 4883 ,

491 4884 823 4961 DoniineLda
838 4887 1236 4961 mihigratiam,
1251 4895 1307 4939 ut
1321 4885 1411 4961 tibi
1427 4885 1604 4961 delioc
1617 4884 1841 4961 [cferztm
1855 4887 2069 4961 gratias.

565 4957 790 5013 CAPUT
837 4956 927 5011 IX.
962 4953 1038 5009 De
1080 4955 1439 5024 omnipotentia
1472 4955 1583 5008 Dei.
1614 4953 1718 5007 Cur
1746 4973 1837 5008 nos
1863 4953 1963 5009 non
1994 4959 2071 5009 la-

492 5030 778 5100 pis,arbor,
811 5037 916 5082 etc.
948 5070 963 5095 ,
994 5029 1135 5096 facti.
1149 5026 1509 5100 Omnipotens
1538 5041 1725 5100 manus
1759 5036 1848 5100 tua
1865 5042 2074 5096 semper

491 5096 595 5156 una
626 5110 679 5153 et
716 5100 937 5165 eadem,
986 5097 1185 5151 creavit
1233 5099 1283 5149 in
1337 5096 1475 5150 coelo
1519 5098 1787 5165 Angelos,
1836 5096 1888 5150 in
1936 5109 2072 5153 terra

492 5172 809 5226 vermiculos
837 5187 851 5223 :
875 5185 978 5222 non
1001 5169 1242 5235 superior
1268 5168 1320 5222 in
1347 5167 1466 5229 illis,
1499 5183 1600 5220 non
1632 5169 1913 5223 iul'erioriu
1938 5170 2071 5223 istis.

491 5242 639 5299 Sicut
668 5243 806 5297 enim
860 5240 997 5294 nulla
1032 5255 1219 5294 manus
1265 5240 1553 5307 Angelum,
1600 5238 1667 5291 ita
1714 5240 1855 5293 nulla
1902 5250 2077 5310 possm

490 5329 676 5369 creare
705 5312 1053 5367 vermiculum
1107 5327 1120 5364 ε
1159 5312 1292 5364 sicut
1339 5310 1480 5363 nulla
1529 5312 1762 5377 caelum,
1814 5313 1883 5365 ita
1932 5311 2073 5365 nulla

491 5392 671 5455 pOSset
698 5399 882 5438 creare
928 5382 1201 5455 minimum
1232 5382 1435 5455 arboris
1465 5381 1642 5455 folium
1692 5400 1705 5434 :
1753 5383 1884 5435 sicut
1908 5384 2074 5455 _nulla

492 5452 688 5526 corpus
708 5496 721 5516 ,
751 5455 820 5507 ita
851 5454 990 5526 nulla
1021 5470 1180 5507 unum
1212 5453 1459 5520 capillum
1486 5453 1661 5506 album
1696 5464 1871 5526 posset
1900 5452 2075 5508 facere

491 5524 815 5594 aut’nigruin
840 5541 854 5589 ;
883 5524 977 5579 sed
1008 5526 1346 5594 omnipotens
1372 5539 1560 5576 manus
1603 5534 1688 5577 tua
1708 5565 1719 5582 .
1768 5525 1851 5576 cui
1898 5526 2073 5577 omnia

493 5598 608 5667 pari
638 5592 796 5651 modo
832 5606 957 5651 sunt
988 5596 1275 5664 possibilia.
1304 5592 1413 5647 Nec
1456 5594 1598 5647 enim
1647 5595 1950 5663 possibilius
1993 5603 2075 5651 est

558 5690 574 5751 ε
598 5694 681 5736 Its.
703 5695 839 5749 Reg,
863 5690 1113 5751 perﬁcere.

557 5750 578 5779 ι
602 5753 669 5797 ita
686 5742 795 5797 Mss?
816 5742 874 5797 At'
893 5742 1032 5819 editi,
1055 5762 1141 5819 per
1161 5746 1355 5817 unicum
1376 5742 1694 5811 cauterem,

558 5809 579 5850 ³
603 5815 683 5867 Ms.
704 5816 840 5873 Reg,
865 5809 973 5874 Itin.

671 5843 683 5858 .
704 5823 840 5873 neg.,
865 5823 973 5873 nm.

1925 312 2288 373 APPENDIX.
2560 282 2633 300 ”
3192 332 3267 365 ..κ
3352 308 3357 313 ·

2627 259 2699 289 2'“
2736 262 2810 289 “2

3626 318 3729 379 872

2154 433 2203 488 ei
2231 445 2414 487 creare
2435 432 2780 487 vermiculum
2802 473 2816 499 ,
2843 446 3001 503 quam
3042 431 3321 502 angelum;
3349 446 3455 488 nec
3473 431 3727 504 impossi~

2154 504 2310 557 bilius
2342 506 2629 558 extendere
2674 502 2903 568 caelum,
2954 520 3112 572 quam
3163 504 3379 565 folium;
3426 502 3527 558 nec
3562 502 3731 563 levius

2155 575 2382 628 formare
2410 577 2687 642 capillum,
2735 591 2891 643 quam
2935 590 3162 642 eorpus;
3194 590 3291 628 nec
3314 573 3591 629 difﬁcilius
3618 577 3727 632 fun-

2152 646 2281 700 dare
2306 654 2499 699 terram
2529 661 2687 711 super
2711 661 2903 710 aquas,
2933 661 3089 714 quam
3120 660 3289 718 aquas
3327 647 3553 718 inundare
3582 663 3736 718 super

2155 725 2349 796 terram
2378 718 2392 746 ¹
2422 735 2434 769 :
2464 718 2554 797 sed
2579 720 2755 797 omnia
2780 713 3134 797 utercumque
3151 713 3316 797 voluit
3346 715 3501 795 fecit,
3530 718 3581 769 in
3604 713 3730 773 cielo
3762 767 3797 797 η

3788 782 3797 791 κς

3788 794 3797 808 δ

2155 795 2207 839 ct
2234 788 2283 838 in
2315 797 2452 839 terra
2480 829 2501 856 ,η
2530 788 2581 840 in
2612 788 2742 840 mari
2783 797 2835 838 et
2875 786 2924 837 in
2972 786 3219 839 omnibus
3266 786 3477 856 abyssis
3500 828 3514 849 ,
3566 797 3617 840 et
3656 790 3731 844 me
3763 786 3773 849 ἰ

2156 856 2291 910 inter
2346 854 2556 923 omnia,
2608 858 2742 912 sicut
2790 857 2983 921 voluit,
3031 857 3202 925 potuit
3258 865 3312 909 et
3340 854 3533 910 scivit.
3575 857 3757 925 Potuit,
3790 872 3801 919 χ

2155 928 2367 997 quidem
2399 899 2587 982 mantis
2614 937 2722 992 tua,
2752 899 2997 991 Domine’,
3030 894 3115 981 ine
3143 927 3402 995 lapidem,
3448 928 3533 982 vel
3573 894 3758 997 avendi
3788 914 3805 962 έ

2159 998 2245 1051 vel
2273 1009 2574 1065 serpentem
2604 1000 2686 1053 vel
2719 999 2947 1053 belluam
2980 997 3209 1067 aliquam
3230 1012 3443 1062 creare,
3469 1008 3523 1053 et
3548 1000 3692 1053 scivit
3720 1020 3732 1055 :

2156 1069 2249 1122 sed
2295 1070 2460 1122 noluit
2496 1080 2709 1139 propter
2734 1084 2883 1123 suam
2914 1070 3220 1123 bonitatem.
3270 1068 3453 1134 Quare
3496 1084 3593 1137 ego
3641 1086 3734 1124 non

2157 1139 2310 1207 lapis,
2340 1142 2417 1192 vel
2445 1142 2621 1195 arbor.
2654 1142 2733 1194 Vel
2776 1140 2946 1209 aliqua
2991 1140 3187 1193 bellua?
3211 1139 3345 1206 Quia
3380 1140 3459 1193 sic
3493 1141 3733 1194 ordinavit

2156 1209 2365 1291 bonitas
2389 1218 2494 1265 tua.
2514 1213 2581 1266 Et
2596 1222 2654 1266 ut
2674 1212 2772 1267 hoc
2787 1214 3079 1277 ordinaret,
3096 1226 3201 1264 non
3228 1222 3614 1281 praecesserunt
3636 1228 3738 1267 tue-

2156 1290 2255 1335 rita
2276 1298 2410 1335 mea.

2229 1352 2455 1423 CAPUT
2484 1352 2552 1408 Χ.
2599 1353 2764 1409 Homo
2788 1353 3095 1423 insufﬁciens
3120 1352 3187 1406 ad
3213 1352 3533 1406 laudandum
3562 1351 3733 1409 Deum.

2165 1424 2290 1490 Quis
2318 1422 2478 1478 Deum
2522 1426 2710 1478 laudet.
2743 1425 2877 1479 Laus
2904 1422 3120 1478 hominis
3162 1439 3297 1477 vera.
3331 1422 3556 1477 Rursum
3582 1427 3639 1478 de
3662 1428 3736 1478 in-

2160 1495 2455 1564 suﬂicientia
2503 1496 2570 1549 ad
2622 1496 2823 1549 laudem
2870 1495 2988 1549 Dei.
3042 1494 3189 1548 Unde
3238 1495 3555 1563 suppleatur.
3601 1495 3736 1550 Unde

2163 1565 2264 1618 hoc
2294 1566 2421 1619 mihi
2442 1607 2456 1623 .
2492 1567 2752 1621 Domine“?
2780 1565 2918 1620 unde
2948 1566 3075 1619 mihi
3107 1564 3293 1619 laudes
3323 1565 3387 1617 ad
3432 1565 3733 1620 laudandum

2164 1636 2259 1690 te?
2294 1636 2436 1691 Sicut
2474 1637 2640 1691 fecisti
2673 1654 2755 1691 me
2800 1639 2914 1691 sine
2939 1652 3024 1690 me
3048 1677 3062 1697 ,
3109 1636 3248 1689 sicut
3279 1636 3474 1704 placuit
3515 1649 3631 1690 ante
3657 1647 3733 1699 te;

2164 1706 2233 1761 ita
2263 1708 2373 1761 laus
2419 1708 2511 1762 tibi
2560 1708 2778 1762 estsine
2822 1723 2938 1770 me,
2989 1708 3125 1761 sicut
3169 1707 3462 1774 cumplacet
3502 1718 3620 1760 ante
3668 1717 3735 1760 te.

2164 1776 2305 1831 Laus
2339 1788 2423 1831 tua
2444 1819 2460 1844 ,
2495 1780 2715 1833 Domine
2736 1822 2749 1840 ,
2784 1789 2837 1833 tn
2869 1780 2981 1847 ipse
3006 1792 3086 1831 es.
3127 1777 3367 1831 Laudent
3394 1787 3441 1830 te
3465 1793 3617 1843 opera
3648 1786 3737 1831 tua

2166 1849 2458 1902 secundum
2487 1850 2873 1905 multitmlinem
2903 1848 3285 1917 magnitudinis
3318 1860 3429 1900 tute.
3458 1847 3589 1900 Laus
3618 1859 3731 1911 tua,

2167 1918 2421 1989 Domine,
2458 1921 3007 1989 incomprehensibilis
3038 1930 3155 1981 est;
3188 1919 3351 1972 corde
3376 1933 3476 1971 non
3504 1933 3738 1984 compre-

2166 1988 2437 2055 henditur,
2467 2008 2559 2045 ore
2591 1988 2695 2044 non
2725 2000 3084 2053 mensuratnr,
3118 2004 3249 2043 aure
3276 2004 3381 2043 non
3413 1989 3691 2057 percipitur
3720 2007 3738 2042 :

2207 2062 2288 2113 uia
2322 2062 2419 2115 ista
2445 2072 2751 2120 transeunt.
2784 2070 2839 2115 et
2876 2062 2990 2114 laus
3017 2070 3103 2113 tua
3152 2071 3331 2113 manet
3372 2060 3424 2112 in
3472 2071 3736 2112 anet-unm.

2211 2133 2428 2202 ogitatio
2456 2133 2657 2201 incipit,
2688 2134 2936 2203 cogitatio
2966 2132 3178 2203 linitur;
3205 2145 3304 2185 vox
3321 2137 3483 2203 sonat
3507 2139 3561 2184 et
3588 2141 3739 2183 trans-

2169 2201 2414 2268 it;’auris
2439 2204 2617 2269 audit,
2650 2213 2703 2257 et
2738 2201 2949 2257 auditus
2992 2202 3267 2265 desinit”;
3320 2201 3435 2253 laus
3488 2216 3615 2253 vero
3661 2210 3733 2254 tua

2170 2272 2223 2327 in
2249 2284 2505 2328 aeternum
2537 2284 2657 2329 stat.
2686 2275 2815 2341 Quis
2859 2287 2989 2343 ergo
3030 2281 3113 2343 est
3155 2272 3246 2339 qui
3297 2280 3350 2325 te
3379 2270 3603 2325 laudet?
3630 2273 3737 2338 Quis

2170 2343 2333 2399 homo
2356 2346 2632 2400 annuntiet
2657 2346 2863 2399 laudem
2889 2355 3028 2398 tuam
3050 2344 3074 2395 ?
3099 2342 3237 2396 Laus
3266 2350 3357 2396 tua
3376 2354 3628 2410 perpetua
3647 2352 3733 2406 est,

2170 2417 2474 2470 transitoria
2500 2434 2606 2470 non
2635 2425 2736 2471 est.
2772 2416 2866 2471 Hic
2896 2424 2950 2469 te
2980 2414 3188 2479 laudat,
3218 2414 3307 2483 qui
3358 2422 3412 2466 te
3444 2414 3606 2481 ipsum
3630 2412 3731 2465 lan-

2170 2487 2293 2541 dem
2326 2497 2466 2539 tuam
2505 2487 2692 2542 credit.
2726 2487 2824 2542 ilic
2846 2494 2899 2540 te
2926 2485 3140 2551 laudat,
3166 2482 3256 2553 qui
3284 2499 3344 2537 se
3372 2485 3548 2552 ipsum
3586 2482 3735 2537 no~cit

2172 2557 2225 2611 in
2255 2566 2397 2611 tuam
2426 2557 2633 2612 laudem
2657 2574 2760 2611 non
2793 2571 2947 2624 posse
2977 2556 3296 2625 pertingere.
3318 2554 3463 2608 Laus
3480 2566 3733 2625 perpetua,

2172 2643 2289 2697 quae
2322 2644 2588 2695 nunquam
2620 2628 2849 2694 transis,
2884 2628 2934 2681 in
2978 2637 3029 2682 te
3057 2636 3139 2681 est
3183 2626 3297 2697 laus
3346 2638 3563 2691 nostra,
3610 2626 3666 2697 in!
3694 2632 3735 2677 te

2173 2695 2469 2753 laudabitur
2496 2700 2672 2753 anima
2704 2714 2840 2753 mea.
2872 2698 2985 2752 Non
3016 2713 3112 2751 nos
3136 2696 3418 2750 laudamus
3458 2705 3511 2750 te
3544 2715 3556 2748 :
3583 2695 3669 2749 sed
3694 2704 3737 2747 tu

2177 2779 2226 2823 te
2255 2810 2270 2835 ,
2300 2780 2351 2823 et
2379 2785 2471 2837 per
2494 2779 2544 2824 te
2564 2812 2578 2835 ,
2623 2779 2676 2823 et
2702 2771 2754 2824 in
2780 2783 2865 2833 te;
2891 2778 2946 2823 et
2990 2768 3142 2823 nobis
3170 2768 3329 2821 etiam
3357 2767 3476 2821 laus
3500 2776 3581 2821 est
3607 2767 3659 2819 in
3678 2776 3735 2820 te.

2174 2839 2323 2894 Tunc
2342 2836 2520 2893 veram
2548 2841 2804 2894 habemus
2832 2839 3038 2894 laudem
3062 2880 3077 2903 ,
3106 2837 3317 2908 quando
3359 2853 3390 2890 a
3421 2849 3471 2908 te
3504 2836 3736 2892 habemus

2176 2910 2386 2964 laudem
2412 2952 2427 2975 ,
2458 2912 2670 2980 quando
2701 2912 2789 2965 lux
2818 2912 3078 2980 approbat
3108 2907 3272 2964 lucem
3300 2926 3315 2972 ;
3363 2907 3488 2980 quia
3538 2918 3591 2961 tu
3632 2922 3738 2962 ven

2174 2980 2288 3036 laus
2314 2979 2491 3036 veram
2523 2982 2710 3036 tribuis
2742 2979 2969 3036 laudem.
3000 2980 3217 3047 Quoties
3246 2980 3315 3031 ab
3342 2979 3452 3033 alio
3475 2994 3630 3047 quam
3658 2989 3739 3031 ale

2175 3053 2462 3122 quatrimus
2491 3053 2733 3119 laudem,
2767 3052 2921 3108 toties
2969 3060 3113 3105 tuam
3156 3050 3452 3122 amittimus
3502 3050 3737 3103 laudem:

2175 3121 2297 3193 quia
2325 3124 2409 3177 illa
2443 3124 2745 3178 transitoria
2774 3132 2856 3177 est.
2876 3166 2890 3191 ,
2922 3122 3014 3177 sed
3045 3132 3131 3174 tua
3175 3129 3395 3193 aiterna.
3424 3121 3477 3174 Si
3509 3122 3740 3174 tramite,

2175 3191 2308 3248 riam
2339 3195 2625 3263 quaerimus
2644 3237 2658 3260 ,
2689 3204 2941 3249 mternam
2973 3193 3283 3247 amittimus.
3310 3191 3364 3244 Si
3391 3203 3644 3245 meritam
3669 3206 3744 3243 vo-

2178 3265 2385 3329 lumus,
2418 3266 2770 3319 transitoriam
2795 3282 2901 3319 non
2930 3279 3187 3319 amemus.
3218 3263 3356 3316 Laus
3383 3272 3606 3323 aeterna,
3650 3263 3739 3314 Do-

2177 3339 2319 3389 mine
2354 3336 2492 3391 Deus
2533 3352 2682 3391 meus
2704 3378 2716 3398 ,
2747 3352 2773 3388 a
2802 3351 2908 3405 quo
2936 3338 3108 3389 omnis
3136 3338 3245 3387 laus
3266 3376 3280 3399 ,
3327 3336 3560 3405 sinequo
3598 3332 3744 3385 nulla

2177 3415 2259 3460 est
2282 3407 2424 3472 laus,
2456 3422 2558 3461 non
2586 3411 2736 3461 valeo
2761 3404 2978 3461 landare
3009 3418 3059 3458 te
3089 3407 3203 3458 sine
3234 3414 3284 3459 te
3331 3422 3343 3456 :
3384 3404 3592 3457 habeam
3650 3412 3699 3454 te
3721 3442 3739 3464 ,

2178 3476 2406 3530 laudabo
2434 3486 2503 3532 te.
2536 3477 2662 3545 Quis
2690 3479 2831 3532 enim
2854 3493 2951 3545 ego
2978 3492 3093 3530 sum
3115 3519 3128 3540 ,
3161 3476 3373 3529 Domine
3391 3515 3404 3537 ,
3429 3489 3515 3542 per
3540 3488 3628 3526 me
3655 3472 3745 3541 qui

2178 3547 2386 3601 laudem
2415 3556 2466 3601 te
2491 3548 2514 3600 ?
2535 3548 2713 3602 Pulvis
2742 3558 2794 3602 et
2818 3548 2950 3602 cinis
2976 3563 3072 3615 ego
3103 3562 3249 3611 smn,
3278 3546 3417 3599 canis
3437 3553 3677 3615 mortuus
3699 3550 3745 3596 et

2178 3617 2347 3672 fetens
2373 3633 2471 3688 ego
2497 3634 2613 3672 sum
2636 3661 2650 3683 ,
2677 3620 2875 3675 vermis
2903 3628 2956 3671 et
2982 3614 3205 3687 putredo
3224 3632 3324 3685 ego
3350 3631 3483 3688 sum.
3504 3614 3637 3681 Quis
3661 3628 3744 3688 ego

2179 3703 2295 3742 sum
2316 3730 2330 3750 ,
2362 3686 2425 3741 ut
2445 3689 2651 3743 laudem
2685 3700 2735 3744 te
2759 3732 2775 3757 ,
2822 3690 3042 3744 Domine
3070 3690 3237 3750 Deus,
3272 3687 3555 3741 fortissime
3596 3686 3741 3757 spirit

2180 3768 2326 3829 tuum
2384 3760 2644 3813 universa:
2695 3753 2902 3820 carnis.
2960 3760 3048 3829 qui
3102 3758 3309 3812 habitas
3364 3753 3741 3829 aeternitatem?

2177 3828 2443 3899 Numquid
2469 3831 2702 3884 tenebrae
2728 3824 3013 3885 laudabunt
3041 3830 3211 3884 lucem
3237 3870 3250 3893 ,
3280 3837 3368 3882 aut
3395 3844 3540 3899 mors
3566 3824 3742 3899 vitam:i

2179 3900 2257 3954 Tu
2287 3894 2405 3967 lu'x,
2452 3917 2551 3968 ego
2581 3902 2850 3964 tenebrae;
2882 3910 2935 3953 tu
2982 3901 3085 3953 vita
3109 3940 3123 3967 ,
3171 3915 3272 3969 ego
3301 3914 3467 3953 mors.
3498 3894 3740 3969 Numquid

2178 3972 2385 4025 vanitas
2408 3973 2681 4025 veritatem
2712 3972 2981 4025 laudabit?
3018 3971 3097 4025 Tu
3128 3985 3186 4024 es
3211 3968 3439 4031 veritas,
3469 3984 3567 4038 ego
3604 3968 3742 4021 homo

2178 4042 2395 4095 vanitati
2438 4042 2626 4095 similis
2654 4042 2843 4097 factus.
2873 4041 3009 4108 Quid
3054 4057 3211 4109 ergo,
3247 4040 3500 4105 Domine,
3537 4038 3743 4109 laudabit

2179 4114 2276 4166 te?
2299 4112 2559 4182 Numquid
2583 4112 2792 4167 miseria
2816 4129 2929 4167 mea
2957 4108 3187 4165 laudabit
3215 4111 3304 4164 te?
3326 4108 3590 4178 Numquid
3632 4111 3742 4163 letor

2181 4183 2413 4237 laudabit
2444 4184 2662 4237 odorem
2685 4184 2707 4236 ?
2730 4183 2994 4252 Numquid
3020 4182 3317 4235 mortalitas
3342 4182 3609 4252 hominis,
3647 4190 3743 4252 que

2179 4253 2338 4309 hodie
2361 4262 2521 4309 estet
2549 4270 2666 4307 cras
2697 4250 2917 4318 tollitur,
2950 4252 3183 4307 laudabit
3209 4252 3302 4307 te?
3346 4250 3616 4317 Numquid
3646 4250 3738 4318 leue

2178 4324 2325 4378 dabit
2356 4334 2405 4378 te
2437 4325 2695 4393 putredo,
2728 4334 2781 4379 et
2807 4317 2947 4379 ﬁlios
2968 4324 3198 4378 hominis
3226 4324 3462 4377 vermis?
3493 4317 3737 4389 Numquid

2180 4394 2413 4450 laudabit
2440 4405 2509 4461 te,
2540 4396 2785 4456 Domine,
2833 4396 2922 4464 qui
2971 4396 3022 4448 in
3069 4395 3297 4463 peccatis
3338 4395 3549 4463 genitus
3592 4404 3667 4447 est
3701 4398 3742 4443 et

2179 4468 2374 4520 natus?
2406 4467 2606 4521 Laudet
2650 4475 2724 4530 te,
2760 4466 2979 4520 Domine
3016 4466 3155 4520 Deus
3205 4480 3385 4525 meus.
3430 4464 3740 4532 omnipotens

2180 4538 2412 4605 potentia
2445 4548 2531 4591 tua
2550 4577 2564 4601 ,
2594 4536 3156 4605 incircumscriptibilis
3185 4537 3442 4606 sapientia
3477 4530 3597 4598 tua,
3628 4530 3739 4606 inei-

2180 4603 2352 4663 fabilis
2379 4608 2582 4662 bonitas
2605 4616 2710 4661 tua.
2746 4607 2947 4661 Laudet
2967 4603 3023 4659 te
3050 4603 3454 4675 supereminens
3483 4603 3739 4659 clementia

2181 4689 2298 4741 tua,
2350 4678 2787 4747 superabundans
2835 4678 3196 4732 misericordia
3264 4688 3381 4741 tua,
3444 4677 3740 4746 sempiterna

2179 4766 2390 4819 quoque
2418 4751 2587 4802 virtus
2615 4759 2668 4802 et
2696 4749 2949 4803 divinitas
2977 4759 3085 4801 tua.
3112 4747 3315 4802 Laudet
3346 4758 3397 4801 te
3426 4749 3740 4819 omnipoten-

2182 4818 2379 4873 tissima
2425 4820 2673 4873 fortitudo
2704 4829 2825 4887 tua,
2869 4834 3076 4874 summa
3122 4835 3331 4888 quoque
3378 4818 3665 4888 benignitas
3698 4818 3740 4865 et

2179 4890 2413 4971 charitas
2441 4900 2524 4945 tua
2545 4933 2559 4954 ,
2593 4902 2804 4960 propter
2830 4906 2987 4961 quam
3009 4887 3200 4945 creaSti
3226 4905 3351 4955 nos,
3385 4890 3605 4943 Domine
3623 4887 3741 4940 Deus

2179 4963 2283 5016 vita
2311 4963 2500 5015 anima:
2526 4978 2677 5016 mea).
3714 4990 3717 4995 -

2251 5032 2477 5087 CAPUT
2544 5033 2631 5086 XI.
2724 5031 2853 5102 Spes
2891 5033 3071 5086 salutis
3119 5032 3293 5085 nititur
3366 5031 3601 5102 bonitate
3647 5038 3743 5095 qui!

2181 5104 2381 5158 creavit.
2419 5103 2530 5171 Ego
2569 5112 2743 5158 autem
2770 5101 3013 5156 creatura
3064 5112 3151 5157 tua
3171 5143 3187 5168 ,
3212 5102 3311 5157 sub
3337 5103 3530 5156 umbra
3562 5101 3739 5171 alarum

2184 5186 2390 5229 tuarum
2413 5169 2636 5239 sperabo
2655 5174 2708 5227 in
2724 5174 2959 5228 bonitate
2985 5183 3092 5238 tua,
3115 5190 3216 5241 qua
3237 5174 3426 5227 creasti
3443 5188 3547 5225 me.
3563 5169 3739 5237 Adjut'a

2183 5256 2477 5301 creaturam
2506 5254 2668 5305 tuam,
2716 5260 2873 5313 quant
2920 5246 3120 5299 creavit
3155 5244 3449 5312 benignitas
3497 5253 3578 5295 tua
3607 5258 3621 5290 :
3649 5250 3736 5290 non

2184 5327 2362 5386 pereat
2392 5318 2441 5368 in
2467 5316 2660 5369 malitia
2692 5331 2804 5367 mea
2824 5355 2839 5379 ,
2874 5316 3014 5385 quod
3057 5325 3270 5386 operata
3294 5324 3376 5386 est
3401 5314 3600 5367 bonitas
3626 5319 3734 5386 tua;

2184 5379 2287 5442 non
2330 5396 2514 5455 pereat
2556 5389 2602 5439 in
2649 5386 2860 5439 miseria
2891 5379 3049 5449 'mea,
3080 5379 3216 5450 quod
3244 5384 3370 5439 fecit
3400 5397 3596 5437 summa
3640 5379 3735 5431 cleo

2185 5458 2379 5512 nientia
2421 5468 2525 5510 tua.
2559 5457 2687 5524 Quae
2730 5466 2811 5509 est
2839 5457 2978 5511 enim
3014 5457 3207 5510 utilitas
3254 5456 3306 5509 in
3332 5456 3589 5527 creatione
3624 5460 3729 5527 tua.

2183 5530 2229 5584 si
2247 5530 2566 5582 descendam
2586 5522 2647 5581 in
2668 5530 3069 5597 corruptionem
3097 5541 3267 5581 meam
3289 5527 3311 5579 ?
3336 5522 3589 5592 Numquid
3605 5522 3729 5574 enim

2248 5621 2264 5651 ί
2292 5625 2363 5666 Er.
2389 5618 2533 5668 Lugd.
2560 5626 2677 5668 Ven.
2708 5626 2760 5667 et
2780 5626 2888 5667 ων.
2915 5619 2986 5667 sic
3009 5617 3246 5666 exhibent
3283 5616 3411 5665 hunc
3442 5616 3585 5663 locum
3615 5615 3730 5658 :Net

2183 5679 2426 5745 diﬁicilius
2446 5678 2650 5751 [initiare
2683 5687 2865 5731 terram
2896 5692 3039 5751 super
3059 5692 3228 5745 aquas,
3261 5691 3405 5743 quam
3425 5686 3563 5745 aqua:
3596 5678 3728 5733 εθφσ
