3860 6366
184 245 252 305 375
1027 229 1226 287 LIBER
1263 224 1813 294 SOLILOQUIORUM
1851 224 2089 281 ΛΝΙΜᾹΞ
2126 225 2219 282 AD
2259 225 2464 284 DEUM.

180 375 271 416 vane
288 349 589 416 constituisti
614 362 802 403 omnes
832 346 963 399 filios
982 342 1303 416 hominum?
1323 339 1527 397 Creasti
1556 356 1640 395 me
1663 381 1677 404 ,

181 414 372 489 Domine,
413 436 538 491 rege
560 418 707 488 quod
732 416 945 491 creasti,
970 415 1141 491 Opem
1180 428 1430 491 manuum
1474 420 1685 465 tuarum

181 483 231 556 ne
249 483 501 564 chpicias',
545 483 716 564 Dens.
743 488 821 541 Mc
849 486 1017 540 fecisti
1047 484 1115 564 de
1137 484 1318 564 .nihilo
1340 483 1429 564 ;nsi
1459 497 1543 564 me
1579 497 1684 563 non

177 554 523 640 regileomine,
542 561 741 615 iterum
762 568 997 640 revertar
1015 555 1081 640 ad
1099 554 1339 640 nihilum.
1358 554 1504 640 Sicut
1520 554 1683 634 enim,

170 623 370 702 Domine,
409 623 516 687 non
544 646 717 696 eram,
745 628 897 702 etde
929 624 1319 702 nihiloaliquid
1345 638 1436 702 me
1478 623 1686 702 fecisti;

168 694 273 766 sicsi
300 694 373 761 me
397 719 500 759 non
530 694 712 772 regis,
735 699 908 772 adhuc
937 697 990 751 in
1018 696 1240 750 nihilum
1267 694 1473 772 redigar
1499 695 1549 747 in
1577 710 1684 772 me.

163 780 337 850 Adjuva
360 789 464 839 me,
493 765 721 827 Domine
746 770 851 825 vita
898 782 1134 850 mea,_ne
1165 780 1376 835 peream
1402 765 1454 819 in
1487 765 1686 847 malitia

164 837 270 907 mea.
293 848 341 904 Si
367 837 470 901 non
513 856 731 898 creares
772 855 879 906 me,
910 838 1153 897 Domine,
1182 850 1287 890 non
1316 850 1490 891 essem
1524 852 1537 888 :
1567 837 1690 907 quia

162 904 315 977 ὡδειὶ
333 932 434 983 me,
459 916 569 985 jam
592 927 749 977 sum;
772 911 818 965 si
840 904 944 985 non
965 908 1124 978 regis,
1143 907 1254 977 jam
1283 922 1386 985 non
1416 920 1554 960 sum.
1573 904 1688 961 Non

159 1006 253 1047 mea
274 980 475 1051 merita,
498 998 607 1038 non
636 996 759 1037 mea
785 980 978 1052 gratia,
1003 987 1054 1032 te
1080 984 1370 1052 coegerunt
1395 985 1450 1030 ut
1472 990 1685 1052 creares

156 1045 243 1126 me,
270 1058 353 1115 sed
395 1045 773 1126 benignissima
788 1045 1025 1106 'bonitas
1054 1056 1139 1102 tua
1167 1054 1222 1102 ct
1245 1047 1549 1126 clementia.
1596 1045 1689 1101 Illa

154 1117 373 1192 charitas,
401 1117 621 1182 Dom'ine
667 1123 809 1178 Deus
843 1136 1014 1192 meus,
1038 1133 1157 1188 quae
1198 1128 1247 1172 tc
1270 1118 1336 1192 ad
1366 1117 1691 1192 creationem

268 1201 320 1262 it,
340 1186 470 1268 ipsa,
500 1209 705 1268 qnteso,
736 1202 811 1268 et.
830 1190 990 1245 modo
1014 1186 1167 1268 cogat
1198 1188 1340 1268 lead
1378 1186 1689 1268 regendum.

268 1217 320 1262 ll,
340 1217 470 1268 Ipsa,
500 1217 705 1266 quam),
736 1217 793 1248 CL
830 1217 990 1245 quuu
1014 1217 1167 1259 υυδᾱι
1199 1217 1249 1242 ιυ
1272 1217 1340 1242 au
1378 1217 1689 1258 ιῠδυιιυυιιι.

151 1217 414 1340 ﬁcum:
437 1266 649 1340 prodest
674 1261 813 1334 quod
834 1260 1087 1330 compulit
1104 1258 1334 1340 Charitas
1365 1268 1471 1340 tua,
1496 1257 1542 1312 si
1561 1272 1695 1340 per:

153 1328 260 1398 eam
302 1341 351 1395 in
371 1328 577 1394 miseria
604 1328 749 1399 mea,
783 1342 839 1388 et
865 1328 974 1386 non
995 1345 1079 1385 me
1114 1338 1261 1399 regat
1288 1328 1506 1383 dextera
1540 1328 1693 1399 tua?

152 1397 267 1469 Ilaec
288 1422 335 1467 te
356 1418 523 1480 cogat,
541 1397 778 1480 Domine
812 1404 951 1457 Deus
979 1413 1147 1465 meus,
1179 1397 1459 1480 clementia
1489 1397 1556 1452 ad
1582 1398 1692 1453 sal-

157 1483 362 1538 vandum
379 1522 392 1544 ,
419 1470 557 1550 quod
594 1485 833 1531 creatum
848 1480 955 1550 est,
984 1485 1102 1550 qua}
1126 1480 1177 1525 te
1202 1470 1460 1550 compulit
1483 1484 1688 1550 creare,

156 1554 348 1624 quando
366 1539 591 1606 creatum
607 1561 711 1624 non
725 1553 826 1624 est.
846 1543 964 1624 Ipsa
977 1539 1027 1596 te
1050 1540 1222 1624 vincat
1241 1539 1471 1620 Charitas
1492 1539 1559 1593 ad
1585 1539 1694 1592 sal-

162 1610 369 1677 iandutn
404 1636 516 1691 quae
545 1629 595 1691 te
635 1616 773 1691 _vicit
803 1610 886 1691 ad
903 1611 1227 1691 creandum;
1264 1610 1386 1680 quia
1428 1624 1529 1691 nec
1554 1624 1696 1664 nunc

160 1695 321 1749 minor
338 1680 445 1754 est',
487 1689 605 1760 quia
633 1688 746 1760 ipsa
770 1684 1076 1760 charitastu
1106 1686 1220 1752 ipse
1245 1695 1325 1747 es,
1354 1680 1461 1760 Aqui
1483 1693 1696 1748 semper

165 1764 296 1819 idem
314 1779 383 1818 es.
407 1750 519 1816 Non'
535 1768 613 1814 est
638 1750 941 1812 abbreviata
966 1750 1157 1807 manus
1177 1760 1284 1817 tua,
1312 1750 1587 1804 utsalvare
1604 1765 1696 1804 ne-

168 1843 348 1903 queat;
384 1848 536 1903 neque
558 1836 835 1903 aggravata
864 1832 946 1879 est
969 1823 1113 1903 auris
1139 1831 1223 1903 tua
1250 1861 1263 1882 ,
1299 1829 1493 1903 utnon
1518 1820 1698 1903 audiat

174 1891 440 1973 (metu,
461 1891 534 1973 I);
554 1891 650 1955 scd
674 1904 891 1973 peccata
920 1909 1037 1973 mea
1059 1892 1349 1973 diviserunt
1370 1891 1508 1945 inter
1529 1905 1616 1973 me
1642 1898 1697 1973 et

185 1962 262 2035 ie,
282 1975 402 2026 inter
423 1962 634 2041 tenebras
653 1962 707 2023 et
734 1967 931 2031 lucem,
960 1965 1097 2041 inter
1122 1962 1618 2041 imaginemmortis
1643 1968 1698 2015 et

194 2031 365 2106 vitam,
387 2043 501 2095 inter
519 2040 785 2094 vanitatem
812 2046 868 2091 et
905 2033 1205 2097 veritatem,
1232 2034 1370 2086 inter
1408 2031 1696 2086 lunaticam

197 2112 330 2166 hanc
355 2113 489 2164 vitam
517 2125 663 2164 meam
685 2118 739 2163 et
758 2106 1134 2177 sempiternam
1158 2113 1320 2177 tuam.

289 2181 481 2243 CAPUT
522 2178 617 2235 ΧΠ.
671 2172 1427 2244 Οοιιινα”εοηοιιρὶδεεηιὶαηιηι
1494 2172 1699 2244 laqueos

182 2254 357 2306 oratio.
387 2250 481 2308 Ha:
512 2253 694 2320 laqueos
736 2250 851 2320 quis
895 2243 1125 2320 eﬂ'ugiot.
1154 2243 1247 2320 llic
1280 2251 1402 2297 sunt
1458 2243 1695 2320 umbrae,

174 2322 360 2393 quibus
384 2313 574 2392 operior'
599 2321 649 2375 in
678 2313 777 2373 hac
796 2313 1014 2393 abysso
1029 2314 1312 2393 caliginosa
1340 2313 1700 2393 carcerisbu-

164 2382 272 2463 jus,
298 2395 344 2447 in
379 2382 471 2463 quo
486 2398 768 2463 prostratus
791 2382 945 2459 iaceo
965 2382 1359 2463 do_nee'a5piret
1381 2382 1600 2463 dies,.et
1626 2383 1700 2463 in-

162 2453 413 2519 clinentur
432 2453 633 2534 ntnbrzc,
664 2453 871 2534 ﬁatque
898 2473 1002 2512 vox
1028 2458 1081 2511 in
1110 2453 1445 2534 firmamento
1489 2453 1700 2534 virtntnis

163 2545 288 2595 tum,
313 2550 405 2589 vox
428 2523 629 2589 Domini
662 2532 713 2585 in
740 2523 936 2585 virtute
955 2570 969 2595 ,
1000 2542 1099 2582 vox
1145 2525 1351 2580 Domini
1380 2526 1430 2578 in
1455 2523 1698 2593 magniﬁ-

162 2605 360 2659 centia:
383 2605 641 2670 dicatque,
672 2601 790 2656 Fiat
814 2600 926 2665 lux,
965 2607 1020 2653 et
1043 2596 1340 2670 ellugentur
1362 2595 1614 2670 tenebrae,
1646 2603 1701 2648 et

166 2684 396 2743 appareat
429 2666 585 2739 arida,
614 2666 977 2744 germinetque
1025 2678 1163 2744 terra
1189 2666 1699 2744 herbam_virentetn

167 2735 708 2816 eiflacientem_senien
735 2751 790 2816 e_t
824 2735 1051 2816 fructum
1080 2738 1274 2793 bonum
1303 2735 1702 2816 justitiazregni

169 2815 262 2867 tui.
284 2816 480 2870 Domine
502 2814 657 2870 Pater
682 2823 736 2868 et
758 2812 917 2878 Deus,
958 2810 1063 2863 vita
1096 2823 1188 2878 per
1216 2821 1375 2876 quam
1400 2805 1577 2860 omnia
1617 2805 1701 2878 vi-

164 2896 303 2952 vunt,
324 2896 371 2941 et
387 2888 492 2941 sine
518 2898 619 2955 qua
646 2883 824 2955 omnia
854 2876 1060 2955 mortua
1083 2876 1473 2955 computantur,
1508 2891 1574 2930 ne
1603 2876 1698 2929 de.

162 2946 405 3026 relinquas
421 2971 503 3011 me
520 2946 573 3009 in
591 2954 825 3026 cogitatu
846 2950 1096 3026 maligno,
1119 2958 1173 3026 et
1201 2946 1557 3026 extollentiam
1576 2960 1704 2999 ocu-

163 3019 320 3080 lorum
354 3040 581 3081 meorum
616 3019 686 3079 ne
727 3020 940 3078 dederis
965 3019 1113 3074 mibi.
1146 3019 1310 3072 Aufer
1337 3033 1366 3070 a
1392 3032 1478 3071 me
1503 3030 1702 3071 concu-

199 3097 438 3163 iseentias,
467 3105 521 3151 et
546 3095 727 3150 animo
740 3092 1057 3163 irreverenti
1085 3090 1402 3163 etinfrunito
1433 3101 1500 3140 ne
1529 3086 1704 3140 tradas

163 3159 246 3220 ine
271 3159 434 3237 (Εεσιὶζ
461 3162 760 3237 mund-6)
783 3182 805 3237 _:
839 3161 931 3216 sed
963 3159 1174 3237 posside
1218 3172 1311 3212 cor
1342 3172 1549 3237 meum,
1570 3166 1626 3210 ut
1655 3164 1704 3237 te

165 3227 340 3307 cogitet
370 3227 867 3306 semper.’lllut'nina
892 3227 1078 3307 oculos
1106 3243 1274 3307 meos,
1299 3238 1438 3307 ut'te
1467 3227 1701 3307 videant,

158 3298 349 3380 etvnon
386 3298 701 3380 extollantur
729 3311 978 3380 ante_te,
1018 3299 1533 3380 gloriasempiterna
1568 3315 1581 3348 :
1610 3298 1704 3351 sed

153 3375 407 3432 humiliter
447 3378 700 3441 sentiant,
730 3389 836 3447 non
865 3373 919 3427 in
967 3369 1309 3447 mirabilibus
1335 3383 1493 3447 super
1517 3382 1604 3447 se;
1654 3380 1707 3422 et

155 3461 271 3514 qua:
290 3464 323 3501 a
343 3449 525 3503 dextris
544 3456 670 3503 sunt
686 3438 924 3514 Vvideant,
954 3457 1063 3496 non
1086 3456 1201 3511 quae
1217 3455 1247 3494 a
1268 3438 1496 3493 sinistris
1520 3438 1613 3492 abs
1634 3446 1703 3492 te.

152 3513 225 3570 Et
253 3518 493 3585 palpebra:
517 3534 653 3572 meae
692 3513 993 3586 prmeedant
1023 3524 1236 3586 gressus
1280 3524 1433 3586 meos
1458 3528 1470 3563 :
1502 3517 1707 3586 namnet

149 3578 418 3657 palpebra
440 3598 534 3643 tua:
557 3578 885 3657 interrogant
911 3578 1048 3636 filios
1073 3581 1342 3657 hominum
1367 3578 1536 3650 (Psal.
1566 3580 1703 3649 ηδ).

145 3651 329 3713 Ἀυίάθ
360 3651 831 3730 concupiscentiam
864 3668 1040 3709 meam
1069 3651 1348 3730 dulcedine
1393 3659 1478 3704 tua
1502 3690 1517 3714 ,
1548 3664 1705 3730 quam

141 3728 463 3784 abscondisti
486 3722 792 3800 timentibus
837 3734 907 3789 te,
944 3733 1009 3800 ut_
1024 3722 1396 3800 concupiscam
1441 3722 1706 3800 concupi-

140 3812 290 3855 scere
308 3809 357 3856 te
381 3796 826 3869 concupiscentiis
846 3794 1180 3862 sempiternis
1208 3809 1221 3845 :
1245 3807 1312 3845 ne
1336 3791 1482 3869 vanis
1504 3790 1708 3869 illectus

138 3878 186 3941 et
212 3870 467 3941 deceptus
518 3859 746 3941 interior
776 3859 1151 3941 gustus'ponat
1176 3876 1413 3941 amarum
1442 3859 1618 3941 dulce,
1654 3867 1710 3940 et

136 3939 289 3997 dulce
317 3930 580 4005 ainarum,
609 3930 855 3994 tenebras
875 3930 1065 4000 lucem,
1098 3943 1154 4005 et
1184 3932 1354 4005 lucem
1388 3930 1708 4005 tenebras_in

134 4012 310 4068 medio
351 4000 825 4081 totidecipularum
868 4005 1063 4081 passim
1084 4004 1165 4081 _ab
1190 4001 1403 4056 inimico
1444 4016 1602 4069 super
1628 4000 1707 4081 fa-

131 4083 266 4137 ciem
304 4082 406 4137 vim
430 4071 601 4150 hujus
617 4080 683 4133 ad
704 4071 987 4151 capiendas
1011 4074 1215 4151 animas
1238 4071 1707 4151 parataruni,_qui-

127 4151 226 4224 bus
250 4153 447 4224 plenus
469 4141 557 4207 est
586 4160 729 4224 totus
766 4141 1015 4224 mundus,
1042 4141 1475 4224 utnis.qui.vidit',
1504 4142 1710 4224 subsi-

128 4212 297 4277 lentib
324 4238 437 4277 non
465 4221 729 4285 transivit,
770 4217 1013 4292 inquiens
1044 4232 1059 4269 :
1090 4212 1347 4292 Quidquid
1386 4212 1518 4267 enim
1550 4221 1626 4292 est
1655 4212 1709 4265 in

126 4295 340 4357 mundo,
364 4303 457 4346 aut
478 4300 555 4346 est
579 4288 979 4358 concupiscentia
1002 4286 1197 4358 cannis,
1230 4291 1317 4336 aut
1349 4286 1709 4358 concupiscen-

126 4364 195 4415 tia
219 4352 513 4426 oculorum,
541 4369 630 4416 aut
671 4352 910 4429 superbia
924 4357 1037 4411 vita:
1058 4353 1101 4425 (Ι
1130 4353 1287 4429 loqu.
1314 4367 1371 4417 ll,
1401 4352 1513 4421 16).
1538 4352 1707 4419 Ecce,

125 4431 356 4489 Domine
388 4424 531 4489 Deus
556 4424 983 4503 meus,'mundus
1010 4424 1154 4479 totus
1190 4424 1379 4492 plenus
1394 4432 1484 4503 est
1510 4436 1708 4503 concu-

165 4503 177 4513 ’
318 4506 514 4559 tiaram
554 4492 777 4571 laqueis,
809 4512 942 4567 quos
972 4504 1279 4565 paraverunt
1308 4492 1531 4563 pedibus
1553 4492 1707 4546 meis.

128 4516 349 4626 ms
374 4574 594 4626 eﬂ‘uuiet
639 4572 739 4626 hos
767 4568 1025 4626 laqueos?
1051 4565 1294 4620 Profecto
1319 4578 1348 4616 a
1376 4577 1482 4626 quo
1510 4572 1563 4616 tu
1590 4562 1707 4616 abs-

177 4586 196 4626 t
225 4576 349 4644 quis
374 4574 594 4644 eﬂ'ugiet
612 4562 739 4644 r'hos
764 4562 1025 4644 laqueos?
1051 4565 1294 4620 Profecto
1309 4562 1348 4616 ia
1376 4577 1482 4644 quo
1510 4572 1563 4616 tu
1590 4562 1710 4616 abs-

130 4643 320 4699 tuleris
343 4643 709 4700 extollentiam
740 4643 1011 4695 oculorum
1061 4650 1277 4690 suorum
1299 4676 1314 4701 ,
1360 4643 1417 4687 ut
1444 4649 1549 4687 non
1586 4648 1708 4687 eum

131 4716 311 4785 capiat
339 4712 771 4785 concupiscentia
815 4708 1129 4785 oculorum;
1168 4715 1224 4760 et
1250 4721 1280 4758 a
1309 4712 1500 4785 quo.tu
1526 4704 1711 4781 absur-

132 4780 263 4839 leris
304 4787 483 4840 carnis
516 4780 1037 4856 concupiscentiam,
1067 4793 1133 4856 ne
1171 4791 1294 4856 eum
1327 4780 1500 4856 capiat
1521 4780 1710 4856 .carnis

135 4856 586 4924 concupiscentia;
614 4862 668 4909 et
690 4848 721 4907 a
744 4866 849 4922 quo
873 4860 928 4905 tu
951 4848 1493 4924 abstulerisanimum
1520 4848 1711 4924 irreve-

138 4915 341 4981 rentem
364 4915 777 4989 etinfrunitum;
795 4937 861 4976 ne
884 4935 1003 4975 eum
1020 4918 1208 4989 callide
1224 4915 1708 4989 decipiatsuperbia

140 4996 279 5049 Viue.
308 4996 353 5051 0
378 5013 536 5067 quam
574 4995 699 5050 felix
729 4994 813 5049 cui
843 4991 957 5046 ha:c
986 4988 1174 5044 facies!
1202 4988 1395 5110 quipgge
1442 4992 1709 5055 pertrans-

142 5061 235 5110 ihit
264 5068 532 5110 immunis;
553 5066 704 5110 Nunc
727 5064 1049 5110 denrccorle
1076 5074 1169 5110 ner
1186 5066 1255 5110 te.
1281 5073 1308 5110 a
1352 5072 1468 5110 Iuva
1496 5071 1608 5110 me;
1644 5071 1709 5110 ne

142 5061 235 5119 ibit
264 5057 533 5122 immunis.
552 5066 704 5120 Nunc
727 5064 986 5132 deprecor
999 5071 1169 5132 teper
1186 5057 1255 5123 te,
1281 5057 1468 5125 adjuva
1496 5071 1608 5119 me;
1644 5071 1710 5110 ne

145 5149 382 5207 corruant
408 5139 459 5193 in
486 5144 777 5207 conspectu
801 5131 1493 5207 adversariorummeorum
1523 5136 1710 5207 captus

152 5202 338 5273 laqueis
364 5224 572 5276 eorum,
605 5197 737 5276 quos
765 5210 1082 5277 paraverunt
1108 5198 1331 5269 pedibus
1354 5198 1512 5277 meis,
1548 5207 1604 5277 ut
1632 5197 1713 5277 in-

157 5268 356 5334 current
397 5268 637 5333 animam
658 5268 868 5347 meam.
895 5271 1007 5347 §ed
1033 5268 1158 5347 erue
1185 5269 1495 5347 me,_vi_rtns_
1527 5268 1710 5347 salutis

147 5361 269 5405 mea:
300 5367 314 5403 :
349 5367 417 5405 ne
444 5350 546 5406 sibi
593 5349 758 5403 risum
788 5343 1070 5398 exhibeant
1094 5340 1160 5395 de
1183 5356 1268 5395 me
1303 5338 1498 5393 inimici
1522 5338 1594 5390 tui
1622 5338 1709 5405 qui

141 5422 363 5476 oderunt
383 5431 456 5476 te.
490 5420 753 5487 Exsurge,
778 5415 999 5487 Domine
1018 5414 1153 5487 Deus
1175 5425 1346 5487 meus,
1368 5409 1517 5487 fortis
1538 5422 1707 5487 uicus;

139 5502 197 5562 et
217 5492 541 5562 dissipentur
569 5480 769 5544 inimici
812 5485 908 5562 tui,
935 5493 996 5562 et_
1014 5483 1214 5562 fugiant
1234 5482 1322 5552 qui
1350 5480 1575 5562 oderunt
1603 5486 1653 5558 te
1680 5494 1708 5530 a

150 5559 269 5618 facie
298 5550 388 5617 tu'a
419 5560 593 5626 (Paul.
626 5573 790 5621 vau,
829 5555 883 5626 l)
917 5573 927 5606 :
958 5550 1093 5626 sicui
1130 5550 1391 5626 ﬂuit'cera
1420 5566 1448 5603 a
1481 5550 1611 5626 facie
1636 5550 1710 5617 ig-

166 5632 236 5704 nis,
266 5636 345 5688 sic
367 5622 600 5704 pereant,
616 5622 926 5704 peccatores
944 5640 973 5678 a
1000 5624 1130 5679 facie
1147 5624 1259 5704 Dei:
1284 5623 1351 5677 Et
1370 5636 1468 5692 ego
1488 5622 1712 5704 abscon-

164 5690 235 5762 dat.
262 5707 321 5763 in
348 5690 667 5759 abscondiic
694 5696 853 5751 faciei
882 5704 980 5749 tua:
1004 5737 1017 5761 ,
1044 5704 1098 5749 et
1124 5694 1379 5767 gaudeam
1410 5690 1541 5749 cum
1584 5690 1706 5746 filiis

372 5798 610 5862 Sanc'r.
646 5794 930 5857 Accusa.
959 5788 1068 5851 Vl.

3278 231 3379 291 874

1796 343 1918 408 tuis,
1950 345 2168 418 satiatus
2187 344 2433 398 omnibus
2458 344 2611 400 bonis
2639 346 2758 401 luis.
2777 346 2841 401 Et
2868 354 2942 412 tu,
2968 346 3190 403 Domine
3208 349 3369 418 Deus,

1795 423 1946 490 pater
1972 415 2331 490 orphanonum
2350 457 2363 476 ,
2392 425 2447 469 et
2482 424 2555 481 tu,
2584 427 2754 472 mater
2789 418 3103 490 pupillorum
3126 415 3373 490 tuorum,

1794 484 1919 559 audi
1942 486 2193 553 ejulatnm
2222 485 2451 559 filiorum
2482 495 2722 559 tuorum;
2753 484 3052 543 cteitende
3074 491 3184 544 alas
3232 484 3370 559 tuas,

1795 564 1853 609 ut
1884 555 2142 625 fugiamus
2180 556 2280 610 sub
2308 556 2386 610 eis
2415 572 2445 610 a
2476 556 2610 613 facie
2641 558 2835 613 inimici
2862 599 2878 624 ,
2912 562 3070 616 turris
3109 562 3348 617 furtitudi

1798 628 1880 707 nis
1907 626 2210 707 Israelnqui
2232 642 2337 682 non
2365 627 2820 707 dormitasneqne
2846 630 3048 707 dormis
3068 632 3375 689 custodiens

1798 696 1995 821 Israel,
2027 696 2149 768 quia
2193 697 2597 753 nondermitat
2640 696 2808 755 hostis
2846 700 2934 769 qui
2985 702 3255 774 impugnat
3295 704 3375 760 Is-

1798 783 1888 821 rae
1915 807 1928 820 .

1796 783 1928 822 raet.

1868 837 2092 894 CAPUT
2121 838 2257 893 XIII.
2316 839 2395 894 De
2435 839 2654 893 mirabili
2683 839 2794 893 luce
2837 840 2952 893 Dei.
2989 841 3137 908 Quod
3184 847 3237 898 in
3265 846 3376 900 solo

1796 909 1905 965 Deo
1945 909 2065 963 bene
2114 910 2176 963 sit
2223 909 2434 969 homini.
2467 909 2544 964 De
2584 912 2735 965 variis
2806 909 2902 965 Dei
2958 912 3231 979 beneﬁciis.
3261 914 3373 970 Lux

1797 996 1953 1052 quam
1978 995 2081 1034 non
2107 980 2248 1035 videt
2272 980 2377 1052 alia
2408 982 2515 1042 lux.
2547 981 2725 1036 lumen
2753 982 2891 1052 quod
2922 998 3026 1036 non
3064 982 3206 1042 videt
3231 986 3375 1039 aliud

1798 1050 2013 1113 lumen;
2044 1052 2131 1106 lux
2159 1067 2274 1120 qua:
2304 1051 2623 1107 obtenebras
2650 1050 2861 1108 omnem
2887 1053 3089 1119 lucem,
3122 1062 3176 1107 et
3199 1054 3376 1109 lumen

1798 1121 1941 1195 quod
1970 1136 2212 1195 exerceas
2260 1137 2417 1177 omne
2458 1134 2767 1195 extraneum
2823 1124 3036 1195 lumen;
3087 1124 3173 1178 lux
3213 1139 3243 1178 a
3274 1140 3377 1195 qua

1799 1192 2107 1265 omnislux,
2131 1193 2307 1247 lumen
2329 1208 2358 1247 a
2387 1208 2491 1265 quo
2506 1209 2665 1265 omne
2690 1194 2905 1265 lumen;
2935 1193 3113 1248 lumen
3137 1195 3205 1249 ad
3235 1192 3379 1265 quod

1800 1277 1957 1317 omne
1982 1263 2160 1334 lumen
2184 1272 2282 1334 est
2310 1264 2560 1329 tenebrzu,
2588 1264 2654 1319 ad
2679 1264 2821 1334 quod
2850 1265 3025 1319 omnis
3052 1265 3141 1319 lux
3180 1263 3378 1320 obScuo

1800 1335 1961 1397 ritas;
1993 1333 2082 1387 lux
2108 1333 2193 1388 cui
2220 1349 2405 1389 omnes
2448 1336 2680 1388 tenebrae
2700 1333 2909 1400 lumen,
2939 1335 3021 1389 cui
3075 1335 3251 1390 omnis
3275 1337 3377 1390 ob-

1799 1404 2025 1459 scuritas
2041 1404 2160 1469 lux;
2184 1403 2269 1458 lux
2291 1419 2535 1473 suprema
2558 1404 2939 1474 quamcaeeitas
2960 1419 3063 1461 non
3080 1406 3376 1474 obnubilat,

1800 1489 1957 1544 quam
1986 1474 2155 1544 caligo
2193 1491 2300 1529 non
2330 1475 2581 1538 hebetat,
2612 1490 2769 1543 quam
2801 1476 3034 1531 tenebrae
3073 1491 3179 1531 non
3215 1476 3376 1531 obfu—

1801 1553 1972 1607 scant,
2004 1560 2163 1613 quam
2192 1546 2340 1617 nulla
2365 1545 2628 1617 obstantia
2658 1545 2675 1576 ¹
2705 1545 2959 1617 claudunt
2979 1589 2994 1611 ,
3023 1562 3183 1617 quam
3233 1564 3373 1601 nun-

1800 1630 1961 1684 quam
1988 1625 2198 1685 separat
2237 1616 2411 1686 aliqua
2440 1616 2624 1686 umbra
2658 1633 2671 1669 :
2703 1615 2790 1669 lux
2820 1632 2939 1686 qua:
2966 1615 3229 1672 illuminas
3254 1632 3375 1672 om-

1802 1686 1885 1739 nia
1906 1694 2015 1740 tota
2045 1687 2202 1742 simul
2221 1696 2273 1740 et
2300 1685 2466 1741 semel
2489 1696 2543 1741 et
2568 1701 2795 1754 semper,
2824 1685 3050 1742 absorbe
3079 1702 3166 1742 me
3186 1687 3238 1741 in
3267 1688 3378 1741 cla-

1802 1756 1973 1811 ritatis
2010 1766 2113 1811 tute
2149 1757 2420 1828 abyssum,
2455 1765 2511 1828 ut
2554 1756 2761 1828 videam
2792 1756 3024 1828 undique
3049 1766 3102 1812 te
3126 1756 3177 1811 in
3207 1766 3277 1823 te,
3322 1767 3377 1812 et

1803 1842 1890 1881 me
1918 1828 1970 1881 in
2012 1835 2094 1892 te,
2126 1836 2179 1882 et
2211 1825 2400 1882 cuncta
2432 1826 2530 1881 sub
2575 1836 2644 1897 te.
2672 1825 2751 1881 Ne
2775 1825 3113 1897 derelinquas
3147 1843 3269 1892 me;
3308 1844 3377 1884 ne

1802 1906 2111 1968 accrescant
2136 1898 2337 1968 umbrae
2370 1896 2681 1968 ignorantiae
2706 1912 2859 1958 mete.
2882 1906 2937 1952 et
2959 1896 3377 1966 multiplicemur

1803 1966 1993 2021 delicta
2021 1983 2158 2022 mea.
2186 1966 2311 2022 Sine
2338 1966 2555 2021 te'enim
2586 1968 2762 2021 omnia
2793 1968 2923 2021 mihi
2963 1978 3088 2023 sunt
3119 1969 3374 2033 tenebrae,

1804 2037 1979 2092 omnia
2008 2040 2174 2102 mala;
2202 2038 2320 2107 quia
2350 2038 2480 2091 nihil
2520 2038 2715 2091 bonum
2751 2038 2867 2090 sine
2910 2046 2961 2092 te
3001 2053 3153 2102 vero,
3186 2039 3302 2093 solo
3323 2047 3380 2094 et

1804 2121 2013 2162 summo
2058 2109 2216 2161 bono.
2249 2108 2361 2162 Hoc
2398 2108 2658 2162 conﬁteor
2687 2148 2704 2173 ,
2735 2107 2935 2178 (a)hoc
2974 2109 3117 2176 scio,
3154 2108 3379 2165 Domine

1807 2179 1949 2233 Dens
1991 2194 2160 2244 meus,
2192 2178 2312 2247 quia
2355 2178 2672 2247 ubicumque
2719 2192 2837 2232 sum
2866 2179 2982 2234 sine
3024 2188 3094 2246 te,
3126 2182 3264 2234 male
3293 2188 3380 2235 est

1806 2249 1934 2303 mihi
1957 2256 2149 2319 praeter
2166 2258 2237 2314 te,
2268 2264 2374 2303 non
2400 2250 2571 2304 solum
2594 2257 2743 2303 extra
2765 2264 2868 2313 me,
2890 2250 2984 2304 sed
3004 2251 3173 2304 etiam
3192 2250 3243 2303 in
3265 2265 3374 2316 me;

1805 2320 1926 2390 quia
1953 2320 2125 2374 omnis
2153 2321 2302 2387 copia
2324 2335 2441 2389 quae
2468 2334 2573 2374 non
2616 2327 2699 2373 est
2744 2320 2884 2375 Deus
2914 2335 3064 2376 meus
3084 2362 3100 2387 ,
3130 2320 3260 2374 mihi
3292 2330 3377 2377 est

1804 2400 2033 2459 egestas.
2072 2390 2315 2445 Satiabor
2355 2398 2558 2445 tantum
2602 2404 2726 2443 cum
2756 2391 3059 2459 apparuerit
3086 2391 3379 2459 gloriavtna

1808 2459 1980 2533 (Rsal.
2017 2478 2124 2525 xvi,
2154 2459 2265 2531 15).
2298 2460 2528 2522 Etenim,
2559 2460 2782 2533 Domine
2806 2463 2910 2514 vita
2937 2475 3057 2533 mea
3085 2459 3236 2533 beata
3257 2501 3273 2527 ,
3321 2468 3379 2515 ut

1807 2530 2073 2585 miseriam
2102 2530 2272 2585 meam
2300 2533 2557 2585 conlitear
2583 2530 2697 2593 tibi,
2723 2546 2788 2584 ex
2825 2547 2930 2600 quo
2956 2532 3021 2585 ab
3060 2532 3261 2587 unitate
3288 2540 3379 2586 tua

1806 2601 2012 2665 cecidi,
2041 2617 2305 2657 summum
2336 2612 2388 2655 et
2436 2617 2598 2656 unum
2627 2601 2856 2665 bonum;
2889 2602 3259 2671 temporalium
3289 2619 3378 2657 re-

1806 2688 1924 2725 rum
1956 2672 2347 2726 multiformitas
2395 2672 2601 2739 lapsum
2638 2687 2721 2726 me
2770 2687 2863 2740 per
2906 2672 3148 2727 carnales
3185 2687 3375 2729 sensus

1807 2742 2208 2805 disverberavit,
2241 2751 2296 2796 et
2322 2740 2388 2794 ab
2417 2757 2523 2795 uno
2557 2741 2681 2796 tein
2714 2742 2879 2797 multa
2904 2742 3083 2797 divisit
3114 2760 3128 2796 :
3160 2751 3215 2798 et
3242 2742 3381 2799 facta

1808 2823 1888 2867 cst
1937 2812 2067 2867 mihi
2114 2813 2434 2883 abundantia
2471 2812 2763 2883 laboriosa,
2794 2822 2848 2867 et
2892 2822 3098 2882 egestas
3138 2814 3377 2883 copiosa,

1807 2883 1933 2954 dum
1961 2883 2103 2938 aliud
2153 2892 2207 2937 et
2253 2882 2396 2937 aliud
2438 2882 2717 2954 sequebar,
2760 2893 2814 2936 et
2840 2898 2869 2936 a
2899 2883 3047 2937 nullo
3090 2882 3379 2954 implebar;

1808 2953 1934 3025 dum
1963 2954 2013 3007 in
2047 2964 2098 3009 te
2124 2969 2228 3008 non
2274 2952 2599 3025 inveniebar,
2642 2951 3078 3025 incommutabile
3105 2951 3383 3025 et'singu4

1808 3023 1918 3077 lare
1961 3036 2015 3078 et
2058 3025 2338 3079 indivisum
2388 3038 2550 3078 unum
2585 3022 2818 3093 bonum,
2856 3023 2997 3093 quod
3027 3033 3243 3087 secutus
3272 3022 3380 3080 non

1809 3112 1965 3159 erro,
1998 3094 2140 3164 quod
2187 3102 2504 3164 consecutus
2553 3107 2657 3146 non
2701 3092 2885 3164 doleo,
2931 3094 3074 3162 quod
3105 3096 3383 3162 possidens

1810 3163 2030 3219 satiatur
2049 3174 2213 3220 totum
2230 3163 2547 3219 desiderium
2574 3177 2772 3233 meum.
2799 3163 2915 3217 Heu
2936 3164 3147 3219 miseria
3171 3168 3379 3233 magna!

1810 3234 1912 3289 heu
1944 3238 2054 3291 me!
2096 3236 2336 3300 Domine,
2365 3233 2558 3288 misera
2586 3232 2763 3288 anima
2790 3248 2908 3287 mea
2939 3242 2990 3289 te
3016 3233 3226 3304 refugit,
3257 3232 3382 3291 cum

1811 3322 1915 3376 quo
1936 3322 2147 3376 semper
2170 3304 2403 3360 abundat
2427 3313 2481 3359 et
2501 3304 2695 3376 gaudet
2717 3319 2732 3369 ;
2762 3312 2816 3376 et
2838 3304 3081 3376 sequitur
3098 3304 3380 3371 mundum,

1812 3373 1932 3432 eum
1962 3373 2068 3447 quo
2092 3392 2305 3446 semper
2332 3373 2731 3447 eget_etndolet.
2754 3373 2980 3447 Mundus
3009 3375 3236 3447 clamat,
3281 3376 3386 3432 De-

1814 3444 1991 3508 ficioi
2017 3460 2071 3503 et
2103 3460 2155 3503 tu
2197 3444 2415 3510 clamas,
2450 3444 2649 3500 Relicio
2677 3462 2690 3499 :
2717 3453 2770 3500 et
2816 3444 3013 3500 misera
3063 3446 3239 3501 anima
3264 3461 3386 3503 mea

1812 3520 1980 3589 magis
2006 3519 2245 3588 sequitur
2267 3516 2633 3589 deiicientem,
2644 3530 2823 3589 quam
2839 3515 3188 3589 reﬁcientem.
3215 3516 3385 3589 Plane

1812 3585 2097 3644 inﬁrmitas
2113 3604 2228 3643 mea
2254 3589 2367 3643 haec
2391 3597 2493 3642 est.
2520 3585 2721 3642 Medice
2746 3586 3048 3655 spirituum,
3073 3601 3204 3642 sana
3218 3587 3383 3654 illam,

1815 3671 1871 3714 ut
1917 3661 2170 3715 conﬁtear
2212 3659 2326 3722 tibi,
2354 3658 2497 3711 salus
2534 3657 2726 3712 animae
2752 3672 2909 3723 meat,
2939 3666 3050 3713 toto
3073 3656 3237 3714 corde
3263 3674 3388 3714 meo

1813 3746 1972 3801 super
2000 3730 2247 3785 omnibus
2274 3727 2544 3801 beneﬁciis
2570 3728 2693 3794 tuis,
2720 3727 2911 3797 quibus
2936 3728 3109 3801 pascis
3135 3743 3231 3801 me
3246 3744 3275 3783 a
3298 3729 3388 3801 ju-

1814 3746 1972 3801 super
2000 3745 2247 3785 ommuus
2274 3745 2544 3784 neneucns
2570 3745 2693 3794 lUlS,
2720 3745 2911 3797 quibus
2936 3745 3109 3798 pasus
3135 3745 3224 3784 me
3246 3745 3275 3783 a
3326 3745 3388 3784 u-

1814 3809 2029 3857 ventute
2056 3817 2175 3856 mea
2204 3810 2260 3855 et
2286 3814 2451 3870 usque
2477 3799 2529 3853 in
2552 3806 2824 3870 senectam
2846 3808 2901 3854 et
2935 3799 3166 3854 senium.
3190 3798 3267 3856 Te
3287 3745 3389 3857 tie-

1814 3888 2003 3942 precor
2035 3887 2126 3941 per
2152 3880 2203 3942 te
2227 3868 2430 3941 ipsum,
2459 3885 2526 3923 ne
2555 3868 2894 3939 derelinquas
2918 3884 3024 3942 me.

1889 3942 1962 4014 (b)
1994 3940 2186 4014 Fecisti
2209 3940 2295 4014 me
2322 3956 2441 3994 cum
2464 3954 2570 3993 non
2599 3954 2776 4014 essein
2798 3979 2814 4004 ,
2840 3940 3115 4014 redemisti
3152 3956 3243 3997 me
3264 3956 3391 3997 cum

1815 4008 2111 4083 periissem.
2151 4011 2443 4083 Perieram,
2478 4019 2716 4064 mortuus
2750 4008 2954 4083 fueram
2979 4010 3091 4083 ;_ad
3120 4020 3390 4067 mortuum

1814 4078 2172 4147 descendisti,
2217 4080 2589 4135 mortalitatem
2618 4078 2920 4148 suscepisti,
2960 4080 3026 4135 ad
3051 4094 3264 4136 servum
3292 4097 3391 4137 rex

1815 4152 2156 4209 descendisti.
2188 4149 2259 4207 Ut
2308 4164 2519 4205 servum
2564 4149 2877 4217 redimeres,
2910 4164 2964 4205 te
3016 4151 3188 4219 ipsum
3221 4150 3387 4207 tradi-

1815 4224 1969 4288 disti;
1997 4231 2056 4277 ut
2075 4237 2173 4291 ego
2203 4220 2459 4291 viverem,
2491 4230 2548 4274 tu
2578 4229 2802 4291 mortem
2824 4219 3124 4291 suscepisti,
3158 4231 3391 4276 mortem

1816 4294 2021 4359 vicisti;
2049 4288 2136 4347 me
2161 4290 2489 4355 restaurasti,
2520 4304 2642 4344 cum
2678 4298 2728 4344 te
2758 4288 3068 4345 humiliaSti.
3094 4290 3387 4357 Pericram,

1815 4365 2048 4421 abieram
2073 4403 2088 4427 ,
2134 4364 2187 4416 in
2236 4360 2463 4430 peccatis
2487 4359 2836 4415 venumdatus
2857 4376 3037 4425 eram;
3069 4361 3259 4415 venisti
3291 4377 3393 4430 pro

1816 4451 1923 4502 me,
1944 4445 1999 4489 ut
2021 4432 2311 4488 redimeres
2327 4446 2411 4485 me
2438 4448 2449 4483 :
2482 4442 2537 4484 et
2560 4438 2760 4502 tantum
2791 4446 2876 4484 me
2901 4430 3151 4502 dilexisti,
3182 4439 3242 4484 ut
3264 4445 3393 4502 san-

1816 4499 2028 4582 guinem
2061 4514 2207 4558 tuum
2252 4502 2306 4556 in
2334 4504 2563 4582 pretium
2583 4499 2866 4582 darespro
2894 4515 2999 4555 me.
3032 4500 3273 4582 Dilexisti
3302 4517 3394 4557 me

1816 4571 1935 4646 plus
1962 4589 2118 4645 quam
2146 4583 2235 4646 te,
2258 4573 2391 4646 quia
2410 4572 2552 4646 mori
2569 4571 2779 4646 voluisti
2808 4585 3038 4646 proume.
3071 4571 3391 4646 'l_‘ali_pa_cto,

1819 4640 1924 4701 iam
1949 4640 2074 4700 caro
2106 4640 2555 4714 pretio'rcdusisti
2581 4656 2667 4696 me
2694 4640 2761 4695 de
2786 4640 2994 4714 exsilio,
3014 4640 3285 4714 redemisti
3302 4658 3392 4698 me

1820 4716 1886 4772 de
1915 4711 2151 4780 servitio,
2196 4712 2462 4768 retraxisti
2508 4727 2594 4766 me
2627 4714 2695 4766 de
2736 4712 3016 4781 supplicio.
3051 4711 3262 4767 Vucasti
3304 4729 3392 4769 me

1817 4788 2032 4841 nomine
2061 4796 2169 4850 tuo,
2201 4784 2417 4854 signasti
2444 4798 2539 4854 me
2563 4782 2818 4851 sanguine
2845 4790 2964 4843 tuo,
3008 4791 3064 4835 ut
3084 4783 3394 4854 memoriale

1819 4868 1966 4912 tuum
1998 4871 2208 4925 semper
2239 4852 2382 4909 esset
2405 4852 2545 4923 apud
2582 4868 2667 4906 me
2687 4894 2700 4916 ,
2729 4862 2783 4906 et
2825 4867 3094 4925 nunquam
3119 4853 3396 4910 recederet

1817 4944 1846 4981 a
1874 4928 2034 4985 corde
2055 4924 2196 4991 meo,
2219 4926 2308 4994 qui
2330 4940 2427 4994 pro
2454 4938 2538 4977 me
2576 4938 2844 4992 nunquam
2870 4924 3137 4994 recessisti
3158 4939 3188 4977 a
3208 4939 3383 4983 cruce.

1818 4998 2025 5054 Unxisti
2054 5012 2140 5052 me
2168 4991 2286 5050 oleo
2318 4991 2407 5049 tuo
2428 5010 2531 5063 quo
2559 5002 2611 5047 tu
2642 4991 2831 5047 unctus
2860 4991 3004 5047 fuisti
3037 5003 3143 5048 uta
3171 5004 3222 5049 te
3237 4994 3395 5049 Chri-

1817 5080 1900 5124 sto
1939 5069 2144 5122 dicerer
2192 5066 2531 5120 christianus.
2574 5064 2641 5118 Et
2682 5064 2733 5117 in
2778 5065 3020 5119 manibus
3052 5066 3154 5118 tuis
3189 5064 3396 5118 deseri.

1819 5141 1969 5210 psisti
1995 5154 2112 5201 me;
2138 5146 2193 5191 ut
2224 5151 2436 5210 semper
2465 5136 2532 5210 sit
2555 5136 2805 5210 memoria
2831 5150 2946 5210 mea
2971 5134 3213 5210 apud_te,
3238 5134 3400 5210 sita-

1817 5204 1938 5265 Enen
1968 5210 2223 5263 memoria
2265 5204 2355 5261 tua
2376 5207 2570 5274 jugiter
2599 5205 2757 5260 fuerit
2795 5205 2935 5275 apud
2976 5220 3079 5257 me.
3113 5204 3200 5258 Sic
3243 5206 3402 5273 igitur

1818 5282 1983 5351 gratia
2012 5290 2098 5333 tua
2124 5288 2179 5333 et
2212 5276 3238 5351 misericordia“sempertprtevenerunt
3265 5290 3350 5351 me
3378 5292 3395 5331 :

1818 5345 1886 5407 de
1929 5351 2106 5405 multis
2133 5364 2359 5418 namque
2391 5347 2637 5416 periculis
2665 5361 2805 5416 saepe
2831 5345 3067 5401 liberasti
3114 5361 3220 5412 me,
3263 5348 3396 5400 libe-

1884 5509 1899 5538 ¹
1925 5513 2007 5555 MS.
2032 5502 2355 5561 Colbertinus,
2371 5499 2507 5551 ostia.

1904 5572 1954 5631 (ι)
1981 5566 2158 5631 εχὶῑιμ
2178 5565 2238 5613 15
2257 5558 2639 5631 confessionum,
2660 5573 2766 5629 cap,
2791 5558 2839 5606 8.
3028 5618 3080 5631 ._
3104 5629 3111 5631 ξ
3139 5616 3167 5631 ν

1904 5572 1954 5631 (ι)
1981 5574 2044 5639 Ex
2071 5570 2153 5637 lib.
2178 5570 2238 5613 15
2257 5570 2639 5635 confessionum,
2660 5573 2766 5629 cap,
2791 5570 2839 5606 δ.
3159 5619 3167 5628 _

1883 5570 1956 5693 ξι»)
1984 5630 2097 5677 \‘tde
2116 5628 2290 5675 librum
2311 5627 2377 5675 de
2390 5632 2586 5693 Λδνιτιω
2609 5631 2661 5693 et
2686 5633 2863 5693 animo,
2892 5630 2997 5693 cap.
3022 5618 3113 5693 11;
3137 5616 3313 5693 librum
3336 5619 3404 5673 da

1820 5679 2070 5758 Dilig'cndo
2092 5697 2210 5752 Deo,
2225 5701 2361 5751 capp.
2385 5686 2417 5737 6
2438 5679 2491 5738 et
2508 5688 2565 5749 7;
2593 5691 2644 5734 et
2664 5682 2789 5743 apud
2812 5679 3022 5728 Ansehn.
3048 5679 3207 5730 Medit.
3230 5681 3280 5732 7.

2629 5761 3097 5846 (Viam-ltuit.)
