3860 6366
186 323 271 382 αι
1094 322 1298 381 LIBER
1332 321 1879 394 SOLILOQUIORUM
1919 324 2152 385 AN-IM/E
2188 331 2280 388 AD
2319 332 2532 394 DEUM.

186 441 319 511 signa
338 439 656 497 dilectionis
682 447 792 511 tute
813 479 829 507 ,
855 437 1085 511 maxime
1129 453 1252 508 erga
1281 452 1366 511 me
1385 481 1399 503 ,
1432 447 1650 511 prepter
1679 437 1760 511 ine

191 507 389 568 numera
440 507 720 568 beneﬁcia
765 521 888 575 tua,
914 509 1106 580 quibus
1147 507 1482 579 {principio
1523 507 1760 580 educasti

189 583 300 637 me?
335 582 465 638 Post
490 582 818 639 beneﬁcium
856 579 1049 650 nempe
1091 581 1379 636 creationis
1403 621 1418 645 ,
1450 579 1663 650 quando
1708 581 1761 634 in

185 653 430 778 mincipio
453 653 528 709 de
577 653 753 709 nihilo
794 651 860 706 ad
900 651 1182 722 imaginem
1223 660 1368 704 tuam
1411 653 1602 706 creasti
1631 667 1716 705 me
1740 692 1756 717 ,

249 725 538 778 uorilicaos
560 734 620 778 et
659 723 899 778 exaltans
926 737 1013 777 me
1035 721 1175 776 inter
1202 736 1296 776 eas
1319 731 1590 777 creaturas
1627 737 1756 778 unas

249 721 538 780 uorilicans
560 734 620 780 et
659 723 899 795 exaltans
926 721 1175 795 me’inter
1202 736 1296 776 eas
1319 731 1590 795 creaturas
1627 737 1760 795 quas

191 791 342 852 fecisti
366 837 381 862 ,
413 805 468 850 et
507 795 806 851 nobilitans
830 792 1034 849 lumine
1059 792 1238 846 vultus
1269 793 1343 846 tui
1365 833 1381 859 ,
1410 807 1516 862 quo
1541 791 1759 863 signasti

193 866 586 948 superliminare
626 865 804 922 cordis
829 864 969 947 mei,
1011 878 1120 989 suo
1135 863 1202 918 ab
1225 863 1635 946 insensibilibus
1661 879 1758 933 pa-

196 944 306 989 riter
331 937 759 989 etsensibilibus
799 935 970 989 brutis
1051 944 1310 988 iscrevtstt
1352 949 1438 987 mc
1463 975 1477 989 .
1521 941 1576 988 et
1602 935 1758 989 paulo

196 933 306 992 riter
331 945 385 994 et
403 937 759 995 sensibilibus
799 935 970 990 brutis
1011 933 1310 989 discrevisti
1338 949 1438 1004 tunc
1463 975 1477 998 ,
1521 941 1576 988 et
1602 935 1760 1004 paulo

196 1007 345 1088 {uinus
368 1007 439 1088 ab
463 1007 678 1080 angelis
697 1004 1290 1088 minuistiii’oof._v11t,
1324 1003 1403 1077 6).
1438 1003 1630 1086 [fartim
1657 1005 1758 1088 hoc

196 1073 273 1148 it
295 1087 415 1134 ante
455 1073 811 1148 couspectum
848 1073 1105 1148 bonitatis
1139 1084 1244 1130 tua:
1267 1117 1295 1148 ,_
1314 1073 1561 1148 quoniam
1583 1079 1760 1146 quoti-

193 1145 338 1220 dianis
360 1159 415 1204 et
457 1145 822 1220 singularibus
868 1146 1223 1220 maximisque
1265 1146 1503 1220 donariis
1529 1145 1756 1220 tuorum

188 1215 574 1276 bineﬁciorum'
614 1234 702 1273 me
743 1219 862 1274 sine
908 1217 1306 1273 intermissione
1347 1216 1614 1271 nutrivisti
1639 1257 1654 1285 ,
1702 1224 1758 1272 ει

181 1290 512 1346 uasiﬁlium
556 1299 709 1345 tuum
757 1288 1031 1358 parvulum
1065 1287 1317 1341 tenellum
1350 1286 1602 1358 uberibus
1651 1297 1757 1358 tute

169 1361 548 1417 lonsolatioois
582 1356 791 1416 lactasii
827 1368 880 1414 et
903 1358 1210 1414 confortasti
1251 1372 1356 1411 me.
1381 1357 1450 1412 Ut
1486 1357 1627 1412 enim
1660 1356 1753 1413 tibi

185 1439 303 1486 totus
325 1432 598 1488 servirem
619 1473 635 1496 ,
661 1430 840 1486 omnia
879 1443 1226 1501 quatcumque
1249 1427 1421 1484 fecisti
1445 1469 1460 1494 ,
1495 1428 1549 1483 in
1574 1443 1752 1484 meum

170 1504 435 1558 servitium
463 1501 758 1557 tradidisti.

227 1574 454 1629 CAPUT
503 1572 626 1628 ΧΧ.
661 1571 812 1638 Quod
858 1571 1026 1625 omnia
1064 1569 1284 1624 serviunt
1309 1569 1502 1623 homini
1517 1579 1569 1622 ut
1603 1570 1752 1625 homo

158 1647 330 1711 leniat
363 1644 620 1698 Creatori.
647 1643 838 1698 Omnia
868 1643 968 1696 sub
1008 1640 1230 1711 pedibus
1271 1639 1542 1694 hominum
1571 1641 1751 1710 subje-

167 1710 265 1769 ciin
301 1715 487 1784 (Paul.
518 1730 630 1776 rm,
662 1713 748 1786 8);
777 1725 835 1767 ut
871 1710 1206 1786 solusihomo
1237 1719 1374 1765 totus
1403 1711 1492 1765 tibi
1519 1711 1750 1786 subjice-

169 1782 329 1850 retur;
359 1797 416 1841 et
445 1797 508 1840 ut
542 1795 665 1839 tuus
692 1782 840 1839 esset
865 1793 1006 1837 totus
1033 1782 1225 1843 homo.
1260 1796 1421 1850 super
1450 1782 1627 1836 omnia
1661 1792 1747 1836 tua

164 1853 467 1911 dominatus
496 1866 578 1910 est
609 1856 791 1909 homo.
823 1855 1101 1909 Exteriora
1146 1867 1338 1920 nempe
1381 1867 1478 1921 pro
1523 1867 1749 1921 corpore

155 1937 349 1980 cuneta
378 1929 602 1992 creasti,
633 1927 807 1995 ipsum
827 1939 956 1979 vero
971 1939 1166 1993 corpus
1183 1937 1279 1992 pro
1296 1923 1492 1995 anima,
1517 1924 1748 1978 animam

157 2010 294 2051 vero
319 2013 429 2069 pro
455 2007 536 2058 te;
559 1993 734 2069 ιιιιίιή
750 1995 859 2069 soli
886 2003 1118 2069 vacaret,
1141 2003 1212 2069 Διιι.
1241 2002 1291 2048 te
1317 1993 1485 2048 solum
1511 2004 1744 2069 amaret,

155 2064 463 2134 possidens
500 2078 551 2121 te
587 2067 649 2121 ad
686 2067 956 2130 solatium,
1001 2064 1251 2119 inferiora
1289 2079 1415 2118 vero
1455 2065 1632 2118 omnia
1678 2065 1746 2120 ad

154 2137 485 2208 servitium.
505 2137 749 2208 Quidquid
775 2137 920 2191 enim
947 2135 1068 2191 cmli
1093 2134 1291 2208 ambiiu
1309 2135 1610 2188 continetur
1625 2175 1639 2200 ,
1662 2135 1744 2189 in-

149 2207 348 2263 ferius
377 2209 450 2262 ab
486 2204 900 2262 anima'buniana
926 2216 1007 2262 est
1027 2246 1043 2266 ,
1071 2222 1191 2276 quae
1231 2204 1365 2276 facta
1396 2214 1476 2260 est
1501 2213 1560 2259 ut
1593 2220 1744 2259 sum-

147 2294 322 2333 mum
363 2279 560 2332 bonum
596 2278 830 2348 superius
875 2275 1202 2348 possideret,
1233 2275 1384 2344 cujus
1409 2278 1745 2348 possessione

142 2349 318 2405 beata
345 2349 531 2415 ﬁeret;
560 2351 638 2404 cui
656 2346 704 2403 si
730 2346 1046 2408 adhaeserit,
1077 2354 1383 2402 cunctarum
1423 2346 1745 2400 mutabilita-

144 2431 261 2474 tnm
312 2419 632 2475 inferiorum
673 2419 1096 2475 necessitudines
1136 2416 1562 2486 supergrediens,
1603 2417 1743 2472 illius

147 2505 382 2545 summa:
427 2492 746 2561 maiestatis,
791 2492 943 2560 cuius
983 2489 1262 2561 aanmlatur
1298 2487 1551 2561 speciem,
1589 2496 1744 2561 teter-

152 2562 320 2616 aitate
351 2557 773 2616 immortalitatis
809 2557 932 2616 cum
974 2559 1260 2615 serenitate
1294 2557 1562 2628 gaudebit.
1593 2557 1743 2614 Tunc

157 2647 278 2687 vero
305 2632 416 2688 illis
447 2633 604 2688 bonis
628 2632 843 2703 optimis
862 2632 1065 2686 fruetur
1090 2629 1320 2703 indomo
1355 2628 1587 2703 Domini,
1609 2644 1744 2703 quo-

162 2719 272 2774 rum
315 2699 722 2774 comparatione
763 2712 954 2774 cuncta
992 2717 1116 2772 quae
1146 2700 1231 2754 hic
1271 2699 1556 2774 cernimus,
1597 2701 1742 2756 velut

167 2773 381 2828 nihilum
432 2770 831 2843 computantur.
886 2773 978 2827 Illa
1011 2770 1148 2828 sunt
1197 2786 1314 2843 quae
1342 2771 1365 2843 ιγ
1401 2770 1587 2843 oculus
1633 2785 1740 2843 non

172 2844 312 2912 vidit,
338 2860 436 2900 nec
455 2840 605 2900 auris
628 2844 865 2911 audivit,
893 2859 995 2899 nec
1029 2843 1082 2897 in
1107 2857 1208 2912 cor
1225 2840 1464 2912 hominis
1480 2840 1740 2898 ascende.-

175 2909 308 2987 run},
319 2931 454 2987 Aquze
478 2916 805 2987 praeparavit
821 2909 960 2970 Deus
974 2911 1314 2987 diligen_tibus_
1329 2925 1388 2966 se
1409 2909 1564 2987 (isai.
1593 2927 1737 2979 utv,

180 2985 279 3058 I;7I
305 2981 419 3042 ea.
449 2981 506 3050 η’,
529 2981 612 3058 9)ζ
641 2987 709 3041 Ει
745 2986 861 3058 hac
881 2981 1134 3058 quidem,
1163 2983 1406 3058 Domine,
1432 2981 1652 3038 daturus
1681 2999 1741 3038 es

183 3057 373 3112 minus.
403 3058 496 3113 llis
523 3053 688 3113 etiam
713 3053 949 3128 quotidie
974 3053 1210 3128 iactiiicas
1234 3053 1439 3128 animas
1464 3068 1739 3128 sep'orum

184 3136 394 3198 illorum,
421 3130 509 3198 qui
540 3143 694 3182 amas
719 3123 944 3182 animas.
965 3126 1102 3195 Quid
1129 3125 1314 3198 miror_
1338 3124 1484 3198 haec,
1501 3123 1741 3198 Domine

185 3195 312 3269 licus
345 3195 524 3254 meus?
568 3199 856 3269 Imaginem
903 3201 1100 3268 quippe
1128 3205 1269 3250 tuam
1300 3195 1643 3269 ltonorilicas,
1686 3203 1743 3250 et

188 3267 555 3325 similitudinem
597 3264 742 3324 tuain
777 3269 842 3324 ad
889 3264 1051 3338 quam
1089 3273 1466 3338 creatzesnnt.
1511 3264 1643 3338 Nam
1686 3274 1742 3320 et

182 3342 375 3407 corpori
404 3351 608 3406 nostro,
644 3341 768 3395 licet
789 3336 963 3394 adhuc
985 3337 1315 3407 corruptibili
1339 3344 1394 3392 et
1418 3336 1658 3405 ignobili,
1683 3344 1740 3392 ut

179 3407 388 3479 rideret,
415 3412 604 3468 dedisti
627 3412 922 3467 claritatem
945 3409 1068 3464 caeli
1095 3422 1198 3479 per
1217 3422 1452 3479 manum
1472 3407 1743 3462 ministro-

179 3491 296 3532 rum
316 3477 511 3536 tuorum
537 3482 950 3547 indefessorum,
971 3477 1164 3534 solis’et
1190 3478 1350 3540 lunze,
1367 3477 1455 3547 qui
1473 3486 1738 3547 prmeepto

185 3556 276 3601 tuo
298 3553 567 3620 iugiterdie
609 3568 674 3608 ac
711 3561 870 3608 nocte
895 3549 1208 3606 deserviunt
1228 3548 1350 3620 filiis
1378 3549 1513 3611 tuis;
1547 3557 1602 3602 ut
1630 3551 1738 3618 spi-

178 3619 558 3692 raret,largitus
585 3638 647 3679 es
667 3623 1129 3692 aerispuritatem;
1156 3628 1212 3674 ut
1232 3619 1459 3692 audiret,
1484 3633 1737 3675 sonorum

175 3691 481 3757 varietates;
505 3703 559 3748 ut
576 3691 846 3756 odoraret,
871 3691 1095 3748 odorum
1122 3691 1448 3755 suavitates;
1477 3701 1530 3743 ut
1554 3700 1738 3760 gusta-

171 3769 276 3828 ret,
329 3779 566 3835 saporum
619 3765 933 3835 qualitates;
979 3769 1484 3835 ut_contrectaret,
1544 3761 1737 3835 dedisti

168 3830 590 3902 corpulentorutn
630 3830 868 3891 omnium
904 3833 1234 3905 grossitates.
1263 3830 1580 3900 Adjumenta
1627 3833 1738 3905 suis

169 3906 566 3983 necessitatibus
588 3906 784 3983 dedisti
809 3903 1079 3976 iumenta;
1105 3903 1347 3983 volucres
1374 3916 1586 3983 quoque
1614 3904 1738 3983 coeli

169 3981 220 4026 α
244 3974 409 4042 pisces
437 3978 619 4043 maris,
646 3987 699 4032 et
731 3971 932 4033 fructus
960 3984 1115 4031 terra:
1149 3973 1214 4028 ad
1250 3971 1594 4028 reﬁciendum
1638 3975 1739 4029 im-

167 4047 407 4110 pendisti.
444 4047 732 4103 Medicinas
776 4048 844 4103 de
879 4057 1016 4102 terra
1058 4052 1272 4115 propter
1315 4043 1547 4115 singulas
1575 4059 1736 4114 quas-

163 4126 412 4189 queisuas
434 4119 764 4189 corruptelas
792 4119 1006 4184 creasti,
1043 4114 1247 4186 Singula
1286 4114 1474 4189 solatia
1517 4115 1738 4189 singulis

159 4186 321 4259 malis
337 4186 611 4243 obviantia'
636 4190 975 4259 praeparasti;
1003 4189 1250 4259 quoniam
1281 4200 1340 4241 es
1366 4186 1667 4259 misericors
1683 4195 1740 4242 et

159 4256 473 4326 miseratur,
500 4268 558 4315 et
582 4256 772 4315 novisti
805 4256 1110 4329 ﬁgmentum
1150 4265 1390 4312 nostrum
1424 4256 1612 4326 ﬁgulus
1637 4272 1736 4312 no-

158 4335 304 4401 ster,»
323 4339 506 4401 ebrios
532 4347 721 4401 omnes
741 4333 904 4401 quasi,
917 4331 1084 4385 lutum
1103 4330 1153 4381 in
1180 4342 1340 4401 manu
1362 4335 1470 4380 tua.

229 4397 456 4456 CAPUT
516 4400 659 4456 XXI.
713 4396 798 4456 Ea:
855 4401 996 4456 bonis
1055 4399 1437 4469 temporalibus
1482 4396 1738 4466 colligitur

162 4472 457 4539 magnitudo
485 4473 781 4526 aetatium.
832 4473 910 4528 Eo
941 4467 1177 4541 aperitur
1203 4468 1332 4522 mihi
1372 4467 1736 4541 misericordia

162 4545 250 4624 tua
283 4556 497 4624 magna;
526 4544 727 4624 lumine
749 4553 839 4624 t_uo
860 4539 1083 4624 illusira,
1115 4554 1315 4624 quaeso,
1345 4539 1512 4620 magis
1538 4539 1734 4624 adhuc,

163 4616 222 4662 ut
258 4610 388 4667 mihi
420 4615 590 4684 magis
625 4615 911 4684 aperiatur.
954 4613 1086 4668 Nam
1129 4627 1195 4684 ea
1245 4610 1344 4684 bis__
1370 4610 1606 4684 minimis
1649 4620 1738 4666 tua

164 4693 371 4750 magna,
393 4693 446 4739 et
473 4680 539 4739 ei
587 4680 675 4739 his'
701 4683 996 4740 visibilibus
1038 4690 1125 4736 tua
1173 4680 1454 4736 invisibilia
1488 4694 1738 4750 compre-

165 4746 461 4820 hendimus,
499 4755 718 4810 Domine
750 4756 889 4810 Deus
911 4762 1116 4817 sancte,
1149 4762 1204 4808 et
1231 4752 1369 4806 bone
1397 4746 1736 4806 creator—no-

168 4827 292 4875 ster.
317 4823 371 4878 Si
392 4826 559 4891 enim,
589 4828 661 4880 mi
692 4827 934 4886 Domine.
965 4840 1061 4894 pro
1088 4823 1191 4878 hoc
1208 4836 1431 4894 corpore
1448 4821 1738 4894 ignobilict

169 4897 490 4964 corruptibili
520 4906 626 4951 tam
655 4912 847 4967 magna
887 4906 944 4952 et
968 4891 1264 4967 innumera
1296 4891 1555 4947 bcneﬁCia
1600 4910 1738 4967 pra:-

170 4971 275 5016 stas
300 4963 335 5017 a’
355 4968 493 5022 coelo
521 4979 575 5021 et
598 4963 788 5033 aerefa
811 4978 951 5023 terra
983 4976 1037 5020 et
1063 4965 1220 5028 mari,
1254 4965 1371 5018 luce
1396 4974 1450 5017 et
1478 4963 1732 5029 tenebris,

170 5033 335 5103 palore
355 5046 409 5092 et
434 5039 640 5102 umbra,
670 5054 790 5093 rore
819 5047 876 5093 et
894 5038 1084 5102 imbre,
1112 5036 1282 5091 ventis
1320 5044 1374 5090 et
1410 5033 1620 5103 pluviis.
1645 5050 1738 5091 vo-

172 5100 392 5183 lucribus
419 5117 475 5183 et
494 5100 745 5178 piscibus,
774 5109 962 5183 bestiis
987 5117 1039 5162 et
1069 5100 1368 5171 arboribus,
1397 5100 1451 5160 et
1476 5105 1736 5176 multipli-

172 5177 317 5232 eitate
344 5177 629 5234 herbarum
668 5189 723 5235 et
757 5180 1056 5250 germinum
1101 5187 1277 5250 terrm,
1301 5187 1383 5250 _et
1428 5185 1737 5250 cunctarum

173 5256 516 5305 creaturarum
593 5247 799 5305 tuarum
870 5249 1164 5306 ministerio
1227 5247 1380 5303 nobis
1440 5247 1740 5303 successive

174 5328 258 5392 por
300 5333 392 5375 sua
443 5329 686 5392 tempora
741 5321 1182 5383 ministrantium,
1234 5327 1292 5373 ut
1339 5318 1536 5392 alleves
1587 5317 1739 5372 fasti-

175 5384 333 5461 ειὲιξως
364 5384 799 5461 (ιυςιιίεξῳιαεεο,
826 5402 880 5448 ει
915 5406 1072 5461 quam
1111 5398 1397 5461 magnadet
1434 5389 1740 5461 innumera-

174 5454 456 5533 biliziieruot
480 5454 569 5517 illa
611 5454 914 5533 boumque:
934 5454 1621 5533 praeparasii_diiigenti_bns
1649 5467 1700 5513 te
1719 5500 1736 5533 ρ

174 5525 220 5603 ig
243 5529 327 5586 illa
352 5533 475 5587 ccli
507 5534 698 5603 patria,
728 5525 828 5588 u'bi'
846 5541 899 5587 te
929 5525 1226 5603 uidebimus
1256 5525 1401 5585 facie
1410 5528 1484 5603 ad
1507 5529 1738 5603 faciem}
1765 5547 1768 5550 ’

182 5594 220 5654 Si
240 5611 373 5657 tanta
403 5594 536 5660 faci's
566 5594 720 5659 nobis
747 5606 800 5658 in
827 5617 1069 5666 carcere,
1100 5601 1224 5673 quid
1252 5616 1378 5672 ages
1407 5601 1459 5656 in
1488 5600 1684 5671 palatio
1709 5600 1736 5654 ?

226 5775 846 5848 tuendamque.

1872 446 2056 533 Magna
2077 453 2552 533 ctionnmerabilia
2587 469 2711 516 sunt
2752 477 2912 533 opera
2953 472 3062 529 tua,
3099 467 3320 524 Domine
3360 485 3454 524 rex

1868 522 2144 606 ocelornm:
2161 524 2292 606 Cum
2316 529 2422 606 sint
2443 528 2558 584 hace
2571 533 2745 606 omnia
2767 522 2918 590 valde
2945 522 3081 592 bona
3099 548 3154 593 et
3169 522 3463 595 delectabu-

1869 593 1958 660 lia,
1974 610 2098 676 qua;
2119 596 2272 652 bonis
2297 600 2494 676 pariter
2517 603 2778 674 malisque
2811 611 3113 664 communia
3157 593 3454 676 tradidisti;

1867 666 2040 748 qualia
2067 666 2240 723 futura
2257 666 2656 748 suntilla,‘qu_aa
2687 666 2815 731 solis
2858 677 3010 734 bonis
3038 682 3368 736 recondisti?
3395 666 3449 738 Si

1869 743 2297 820 tani‘inuuine-ra
2335 747 2391 820 ει
2414 743 2564 820 varia
2585 743 2725 800 dona
2754 756 2862 813 tua,
2913 765 3029 819 quae
3079 768 3218 807 nunc
3264 756 3452 809 amicis

1869 809 2068 890 pariter
2090 809 2275 890 tribuis
2295 811 2626 890 etinimicis;
2655 809 3038 890 quamina'gna
3065 833 3118 878 et
3143 828 3450 880 innumera-

1863 877 2014 960 bilia,
2037 895 2194 948 quam
2233 881 2402 960 d_ul_cio
2428 894 2506 960 _et
2542 877 2894 960 delectabilia,
2923 877 3040 960 qua:
3081 877 3210 948 solis
3238 877 3448 951 tuis-cs

1864 948 2149 1037 largiturus
2174 954 2395 1037 amicis?
2424 954 2481 1037 Si
2511 964 2655 1037 tanta
2707 948 2894 1037 suiatia
2925 948 3108 1037 initae
3153 966 3239 1037 die
3275 948 3448 1037 locri;

1862 1033 2120 1100 marum;
2129 1033 2327 1100 quanta
2342 1025 2595 1100 _conferes
2639 1029 2688 1081 in
2735 1029 2820 1084 die
2851 1033 3186 1100 nuptiarum?
3215 1036 3269 1090 Si
3303 1025 3445 1091 tan'ta

1862 1089 2193 1174 delectabiiia
2213 1096 2448 1174 continet
2468 1112 2680 1174 carcei';
2712 1089 2941 1174 quanta;
2962 1119 3144 1174 qumso
3162 1147 3176 1170 ,
3208 1089 3447 1162 continet

1861 1163 2290 1246 patr_ia.f?“0eu{t‘ts
2312 1184 2410 1221 non
2436 1169 2589 1246 indit,
2611 1163 2767 1233 Deus,
2794 1163 3082 1246 αρξᾳιιείε,
3109 1163 3220 1246 qua:
3246 1193 3446 1246 prtepa-

1859 1234 1987 1286 ηιςιί
2003 1233 2320 1312 diligentibus
2359 1239 2445 1312 τε(
2480 1237 2609 1295 Isai.
2645 1257 2785 1307 LXIV,
2813 1243 2847 1296 4
2874 1233 2915 1312 )’.
2945 1233 3256 1300 Secundum.
3291 1233 3437 1303 enim

1860 1319 2104 1381 magnam
2152 1308 2540 1381 multitudinem
2585 1308 2989 1381 magnificentia:
3020 1328 3122 1370 tnzc
3149 1327 3231 1372 est
3269 1320 3431 1372 etiam

1858 1373 2141 1455 multitudo
2188 1393 2376 1455 magno
2414 1373 2710 1455 dulcedinis
2722 1393 2864 1455 ius),
2908 1402 3066 1455 quam
3113 1390 3442 1445 abscondisti

1859 1445 2169 1530 timentibus
2211 1445 2308 1530 ιε’(
2336 1449 2500 1530 ζἰιαιζ
2520 1468 2570 1518 L,
2609 1453 2678 1518 5;
2717 1445 2861 1508 Paul.
2894 1445 3024 1530 it'xx,
3051 1459 3182 1528 ‘20).
3221 1460 3441 1530 Magnus

1856 1520 2000 1596 enim
2025 1525 2076 1570 tu
2103 1533 2180 1596 es,
2215 1520 2437 1596 Domine
2467 1521 2794 1596 De_us_meus,
2819 1534 2872 1579 et
2900 1520 3213 1596 imt'nensus,
3237 1520 3334 1585 nec
3355 1542 3441 1586 est

1855 1584 1976 1640 ﬁnis
2004 1590 2380 1668 magnitudinis
2407 1592 2550 1662 tu:e(
2586 1591 2729 1648 Psal.
2759 1584 2936 1662 (ἔχων,
2969 1599 3002 1652 5
3031 1598 3081 1668 ),
3109 1584 3213 1655 nec
3235 1584 3439 1656 estnu;

1855 1673 2034 1740 merus
2066 1661 2355 1740 sapientiae
2384 1670 2509 1729 tunc,
2543 1661 2655 1719 nec
2697 1676 2778 1720 est
2815 1661 3435 1740 mensurabenignitatis

1854 1737 1979 1801 inte,
2009 1745 2106 1785 nec
2143 1743 2226 1786 est
2271 1732 2387 1787 ﬁnis
2406 1774 2421 1798 ,
2452 1749 2550 1788 nec
2576 1751 2848 1801 numerus,
2879 1753 2978 1794 nec
3004 1732 3250 1796 mensura
3280 1744 3438 1796 retri-

1854 1798 2085 1881 butionis
2107 1810 2209 1857 tuae
2238 1820 2250 1855 :
2284 1804 2379 1881 sed
2404 1805 2540 1859 sicut
2565 1821 2784 1881 magnus
2809 1798 2868 1861 es
2888 1819 2964 1881 ιιι,
2996 1811 3064 1864 ita
3091 1827 3277 1881 magna
3309 1821 3434 1868 sunt

1852 1869 2070 1952 donaria
2090 1881 2198 1952 tito,
2221 1875 2470 1943 quoniam
2495 1883 2548 1928 tu
2577 1869 2689 1945 ipse
2715 1869 2990 1947 praemium
3019 1891 3072 1935 et
3097 1869 3292 1936 douum
3315 1899 3434 1938 om-

1851 1943 1994 1995 nium
2024 1943 2072 1996 le
2112 1944 2378 1999 itimorum
2399 1943 2609 2000 tuorum
2639 1943 3009 2016 pugnatorum.

1919 1958 2146 2069 οΑΡιῗΤ
2179 2014 2345 2069 XXII.
2377 2014 2664 2069 Consolatio
2703 2028 2890 2069 acterna
2926 2038 3009 2069 nm

1919 2010 2146 2069 CAPUT
2179 2014 2354 2091 XXIIl
2377 2010 2890 2091 Consolatioéterna
2914 2038 3025 2091 non
3069 2033 3140 2075 est
3177 2027 3427 2091 speranda

1849 2099 1963 2136 cum
2013 2087 2260 2149 presenti.
2313 2085 2543 2140 Duleedo
2600 2088 2691 2142 Dei
2747 2089 2992 2145 demulcet
3040 2085 3427 2149 antaritudinem

1848 2154 2049 2230 mundi1
2071 2155 2198 2212 Hice
2226 2167 2348 2212 sunt
2371 2157 2624 2212 beneﬁcia
2659 2175 2844 2230 magna
2879 2172 2985 2226 tua,
3019 2164 3236 2218 Domine
3261 2166 3425 2228 Deus,

1848 2225 2205 2302 sanciificator
2231 2235 2540 2302 sanctorum
2559 2225 2794 2302 tuorum,
2820 2225 3010 2301 quibus
3039 2237 3334 2302 repleturus
3367 2225 3428 2290 es

1847 2295 2080 2366 inepiam
2130 2299 2473 2374 esurientium
2521 2299 2745 2354 ﬁliorum
2784 2295 3034 2370 tuorum;
3068 2295 3316 2374 quoniam
3343 2305 3424 2360 fa-

1846 2377 1963 2422 ctus
1985 2382 2045 2422 es
2073 2382 2197 2440 spes
2237 2369 2638 2438 desperatorum
2659 2412 2674 2437 ,
2705 2375 2998 2428 consolatio
3028 2369 3423 2432 desidatorum:

1846 2446 1901 2492 tu
1931 2453 2127 2515 corona
2154 2441 2296 2515 spei,
2316 2455 2446 2515 qua;
2461 2452 2644 2495 ornata
2667 2452 2749 2496 est
2774 2443 2963 2514 gloria,
2987 2458 3279 2515 prarparata
3305 2447 3424 2502 viu-

1844 2510 2118 2573 centibus;
2167 2523 2220 2564 tu
2271 2510 2638 2566 famelicorum
2682 2510 2905 2569 satietas
2950 2510 3186 2582 aito-run,
3245 2518 3420 2573 danda

1845 2582 2228 2658 esurientibus;
2263 2593 2316 2658 tu
2343 2582 2638 2658 consoiatio
2664 2587 3004 2658 sempiterna,
3036 2589 3126 2658 qui
3157 2589 3286 2642 solis
3319 2589 3422 2644 illis

1845 2659 1898 2706 te
1943 2653 2194 2726 tribuis‘,
2219 2653 2308 2722 qui
2344 2653 2762 2726 consolationem
2806 2656 2966 2725 hujus
3002 2653 3180 2712 mundi
3216 2674 3309 2726 pro
3333 2670 3418 2713 tua

1844 2723 2212 2795 consolatione
2252 2734 2619 2778 contemnunt.
2662 2725 2793 2779 Nam
2823 2723 2910 2795 qui
2937 2727 3023 2782 hic
3049 2723 3416 2794 consolantur,

1843 2791 2043 2868 iudigni
2081 2802 2167 2848 tua
2204 2795 2570 2868 consolatione
2619 2791 2898 2868 habentur.
2929 2799 3032 2854 Sed
3064 2801 3152 2868 qui
3187 2800 3272 2853 hic
3300 2791 3423 2854 cru;-

1843 2863 2067 2940 ciantur,
2095 2881 2123 2918 a
2155 2864 2576 2940 teconsolaotur
2601 2884 2613 2918 :
2639 2867 2820 2940 ειηιή
2863 2863 3180 2938 participant
3220 2873 3426 2940 passio-

1841 2934 2017 3010 nibus,
2049 2935 2434 3004 participantet
2467 2934 2936 3010 consolationibus.
2963 2934 3131 2996 Nemo
3156 2934 3296 2997 enim
3329 2958 3426 3010 po-

1845 3015 1947 3083 test
1976 3006 2027 3083 in
2054 3016 2278 3076 utroque
2321 3006 2515 3083 smculo
2538 3009 2823 3083 c_0nsolari,
2858 3026 2956 3065 nec
2993 3020 3168 3080 potest
3191 3015 3310 3083 quis
3331 3006 3422 3068 hic

1843 3085 1897 3132 et
1919 3075 1972 3153 in
1997 3076 2175 3153 futuro
2197 3075 2457 3153 gaudere;
2486 3077 2582 3132 sed
2604 3094 2766 3153 unum
2789 3075 3008 3153 necesse
3036 3092 3119 3138 est
3135 3095 3189 3136 ut
3211 3075 3418 3153 perdat,

1842 3147 1932 3221 qui
1962 3148 2189 3221 alterum
2221 3149 2446 3221 voluerit
2475 3150 2766 3216 possidere.
2816 3152 2940 3206 lla-c
2970 3155 3055 3208 ubi
3086 3147 3367 3210 considero
3398 3147 3415 3221 ξ

1843 3217 2067 3273 Domine
2100 3219 2403 3273 consolator
2447 3235 2614 3281 meus,
2657 3236 2826 3277 renuo
2872 3226 3137 3277 consolari
3185 3217 3417 3280 animam

1842 3303 2036 3356 meam,
2069 3298 2126 3343 ut
2154 3289 2309 3358 digna
2341 3288 2598 3343 habeatur
2627 3292 2728 3345 tuis
2766 3295 3218 3350 consolationibus
3258 3305 3420 3350 mter-

1841 3361 1967 3435 nis:
2003 3361 2132 3435 quia
2173 3361 2373 3435 justum
2417 3368 2502 3416 est
2548 3368 2605 3435 ιιι
2637 3363 2844 3435 amittat
2889 3375 2957 3426 te,
3006 3364 3322 3435 quicumqtte
3364 3368 3420 3424 in

1840 3432 2018 3504 aliquo
2063 3431 2170 3486 alio
2211 3431 2382 3504 magis
2421 3431 2684 3504 consolari
2727 3434 2876 3503 eligit
2921 3431 3079 3504 quam
3135 3437 3185 3489 in
3239 3431 3308 3489 ie.
3349 3437 3420 3494 Et

1841 3502 2084 3576 obsecro,
2117 3517 2322 3576 summa
2341 3500 2568 3576 \ieritas,
2595 3513 2645 3558 te
2671 3519 2765 3575 per
2794 3500 2865 3570 te,
2898 3500 3004 3561 non
3033 3507 3306 3576 permittas
3331 3523 3420 3564 me

1839 3573 1892 3627 in
1922 3573 2097 3646 aliqua
2119 3573 2486 3646 consolatione
2510 3587 2643 3627 vana
2670 3573 2932 3630 consolari
2956 3573 3112 3646 quam
3133 3579 3184 3630 in
3209 3588 3288 3641 te;
3320 3579 3418 3634 sed

1839 3645 2018 3698 omnia
2060 3644 2186 3698 mihi
2232 3651 2353 3712 peto
2399 3651 2456 3698 ιιι
2483 3656 2833 3707 amarescant.
2880 3657 2937 3702 ut
2974 3644 3032 3702 iu
3075 3649 3220 3702 solus
3244 3650 3420 3706 dulcis

1838 3729 2096 3784 appar-eas
2119 3715 2309 3770 animae
2338 3729 2491 3780 mete,
2535 3716 2625 3785 qui
2654 3733 2713 3772 es
2740 3717 2965 3774 dulcedo
2989 3720 3372 3776 inaestimabilis
3399 3762 3418 3786 ,

1837 3801 1938 3858 per
1960 3795 2350 3858 quamcuncta
2391 3799 2572 3858 amara
2609 3786 2978 3855 dulcorantur;
3010 3799 3100 3845 tua
3128 3790 3270 3844 enim
3295 3791 3417 3846 dul-

1839 3856 1974 3932 cedo
1999 3856 2270 3932 Stepliaito
2303 3856 2512 3932 iapides
2557 3860 2802 3932 torrentis
2832 3859 3132 3916 dulcoravit
3159 3860 3294 3932 (Act.
3323 3879 3415 3930 vn,

1840 3929 1931 4000 58)
1969 3947 1982 3983 :
2013 3938 2100 3982 tua
2128 3927 2354 4000 dulcedo
2373 3927 2680 4000 craticulam
2711 3931 2995 3987 Laurentio
3025 3927 3234 3988 dulcem
3268 3927 3416 3990 fecit.

1839 3997 1945 4055 Pro
1984 4010 2070 4054 tua
2114 3999 2394 4073 duicedine
2444 3997 2870 4073 ibant__Apostoli
2910 4003 3198 4073 gaudentes
3225 4020 3253 4058 a
3284 4020 3418 4060 cou-

1840 4080 2024 4142 spectu
2041 4070 2274 4142 concilii,
2298 4069 2550 4142 quoniam
2569 4069 2710 4142 digni
2740 4072 2903 4127 habiti
2914 4069 3054 4128 'sunt
3082 4090 3176 4142 pro
3201 4077 3416 4130 nomine

1839 4141 1964 4196 Jesu
1993 4141 2366 4212 contumeliam
2397 4140 2502 4208 pali
2532 4139 2647 4212 (Idl
2673 4158 2726 4208 v,
2755 4143 2886 4212 di);
2917 4145 3024 4198 ibat
3049 4139 3303 4199 A'ndra‘as
3333 4161 3426 4200 se-

1840 4227 1998 4269 eurus
2020 4211 2086 4265 ad
2117 4225 2327 4265 crucem
2351 4219 2405 4264 et
2426 4211 2678 4278 gaudens,
2707 4211 2953 4282 quoniam
2980 4215 3044 4268 ad
3072 4224 3212 4268 tuam
3235 4217 3420 4270 dulce-

1840 4284 2016 4338 dinem
2047 4283 2394 4350 pr0pcrabat;
2437 4283 2550 4353 lucc
2591 4292 2676 4337 tua
2704 4283 2931 4337 dulcedo
2956 4285 3099 4352 ipsos
3125 4287 3416 4353 Apostolo-

1839 4370 1958 4410 rum
1992 4354 2256 4423 principes
2280 4353 2358 4406 sic
2383 4352 2625 4418 replevit,
2657 4361 2713 4407 ut
2742 4370 2837 4422 pro
2866 4354 2977 4422 ipsa
3001 4352 3185 4410 crucis
3210 4357 3420 4423 patibu-

1840 4426 1948 4480 lum
1979 4439 2114 4479 unus
2141 4424 2379 4494 eligeret,
2409 4423 2544 4478 alter
2573 4439 2783 4494 quoque
2807 4433 2964 4494 caput
2999 4425 3202 4479 ferienti
3240 4425 3420 4494 gladio

1839 4510 2140 4566 supponere
2170 4510 2272 4566 non
2293 4493 2522 4566 timeret;
2537 4510 2633 4564 pro
2645 4493 2744 4549 hac
2753 4493 2978 4566 emenda
2997 4493 3420 4553 Bartholoinmus

1841 4563 2106 4636 propriam
2152 4563 2561 4637 pellemdedit;
2609 4581 2704 4637 pro
2750 4565 2850 4620 hac
2897 4581 3107 4636 quoque
3155 4567 3422 4637 gustanda

1840 4635 2030 4692 veneni
2072 4636 2317 4705 poculum
2357 4635 2648 4705 intrepidus
2681 4635 2926 4692 Joannes
2942 4635 3179 4707 potaviti
3194 4638 3339 4692 llanc
3362 4647 3422 4695 ut

1839 4711 2072 4778 gustavit
2101 4708 2318 4771 Petrus,
2347 4707 2585 4778 omnium
2613 4707 2920 4762 inferiorum
2943 4708 3140 4764 oblitus
3167 4709 3422 4765 clamavit

1840 4777 1990 4850 quasi
2021 4779 2220 4850 ebrius,
2248 4779 2450 4843 dicens,
2480 4777 2714 4845 Domine,
2743 4778 2924 4850 bonum
2950 4789 3021 4834 est
3066 4796 3156 4834 nos
3186 4781 3267 4832 hic
3288 4795 3417 4848 esse,

1838 4849 2088 4917 [nciamus
2125 4849 2206 4901 hic
2251 4850 2350 4903 tria
2389 4850 2712 4922 tabernacula
2761 4849 3138 4922 (Matthrxvtt,
3184 4853 3239 4921 4)
3279 4869 3291 4902 :
3335 4851 3424 4906 hic

1842 4936 2128 4982 moremur,
2177 4929 2229 4975 te
2269 4920 2709 4989 contemplemur,
2749 4917 2870 4989 quia
2913 4921 3058 4976 nullo
3082 4922 3186 4975 alio
3214 4917 3423 4991 indige-
3449 4917 3521 5033 μ

1843 5007 1977 5033 mnc'
2001 4990 2198 5033 sufficit
2225 4991 2388 5033 nnhic,
2419 4991 2638 5033 Domini:
2682 4992 2864 5033 νίιιρνρ
2893 4999 2943 5033 In
2991 4993 3178 5033 cnflinil
3228 4993 3392 5033 innnit

1843 5007 1980 5056 mus;
2001 4990 2198 5046 sufﬁcit
2225 4991 2392 5055 nobis,
2419 4991 2659 5056 Domine,
2682 4992 2864 5046 videre
2892 4999 2964 5058 te,
2991 4993 3205 5057 sufﬁcit,
3228 4990 3420 5060 inquit,

1842 5071 1984 5116 tanta
2013 5062 2290 5117 dulcedine
2317 5061 2516 5116 satiari.
2545 5060 2711 5116 Unam
2739 5063 2881 5118 enim
2910 5064 3104 5118 stillam
3127 5060 3432 5118 dulcedinis

1841 5132 1941 5188 iste
1967 5134 2217 5204 gustavit,
2243 5141 2298 5189 et
2321 5147 2531 5187 omnem
2573 5133 2729 5188 aliam
2769 5133 3020 5188 fastidivit
3045 5133 3422 5198 dulcedinem;

1882 5205 1968 5258 uid
2023 5213 2174 5272 putas
2217 5204 2458 5270 dixisset,
2491 5204 2535 5258 si
2577 5219 2821 5274 magnam
2852 5205 2994 5260 illam
3025 5205 3425 5258 multitudinem

1882 5219 1968 5258 una
2023 5219 2174 5272 putas
2217 5219 2458 5270 uixisset,
2491 5219 2535 5258 sn
2577 5219 2821 5274 magnam
2852 5219 2994 5260 utam
3025 5219 3425 5258 ιηιιιιιιιιιιιηειιι

1842 5219 2139 5346 dulcedinis
2167 5275 2464 5346 divinitatis
2490 5284 2594 5330 tute
2613 5285 2900 5346 gustasset,
2919 5290 3077 5344 quam
3099 5273 3426 5346 abscondisti

1842 5344 2182 5416 diligentibus
2213 5347 2306 5400 te?
2333 5345 2477 5400 Hanc
2501 5344 2641 5416 tum
2667 5345 3004 5402 dulcedinem
3028 5344 3347 5401 ineffabilem
3369 5353 3426 5401 et

1844 5416 1935 5491 iila
1948 5415 2264 5491 gustaverat
2288 5417 2436 5491 virgo
2463 5415 2560 5491 (a),
2579 5419 2656 5491 de
2682 5433 2783 5486 qua
2815 5417 3056 5486 legimus,
3085 5417 3226 5491 quod
3245 5416 3426 5491 lanis-

1844 5487 1978 5542 sime
2007 5497 2060 5541 et
2086 5488 2373 5557 glorianter
2398 5487 2595 5544 ibat’ad
2617 5503 2907 5551 carcerem,
2935 5495 2990 5543 et
3015 5487 3164 5554 quasi
3191 5487 3256 5541 ad
3288 5500 3423 5557 opu-3

1846 5557 1925 5612 Ias
1956 5554 2188 5612 invitata.
2225 5559 2403 5622 llanc,
2435 5569 2492 5612 ut
2531 5575 2668 5622 reor,
2712 5566 2765 5613 ct
2804 5559 2917 5627 ipse
2959 5564 3297 5627 gustaverat,
3329 5554 3424 5625 qui

1914 5715 1932 5781 ξ
1955 5722 2059 5781 ilss.
2085 5715 2199 5781 duo,
2237 5718 2432 5766 trtoues.
3441 5757 3463 5781 ..

1907 5775 1981 5843 (α)
2003 5775 2200 5840 Agatho.
3441 5776 3479 5858 ’ρ
