3860 6366
116 254 199 311 ess
994 218 1192 306 LIBER
1230 242 1781 317 SOLtLoomettun
1820 242 2054 301 annos
2094 244 2184 299 AD
2222 243 2428 303 DEUM.

118 371 424 435 diuiserunt,
451 365 522 422 de
553 365 745 421 futuris
779 364 1118 433 benignitatis
1146 370 1248 418 tua:
1279 362 1583 418 melioribus
1611 371 1665 417 et

124 438 485 508 periectioribus
520 438 828 491 muneribus
848 480 860 497 ,
891 451 1008 505 qure
1038 435 1138 489 tuis
1178 434 1361 508 amicis
1389 449 1628 508 reservas
1648 474 1662 498 ,

124 506 246 578 Spem
270 524 431 564 meam
462 508 774 573 admonent,
797 518 855 561 ut
876 509 929 561 ιιι
952 517 1003 560 te
1028 508 1255 570 hetetur,
1282 506 1503 578 Domine
1528 506 1665 558 Deus

124 576 280 647 uicus,
317 581 497 635 laetitia
542 587 722 634 sancta
763 587 815 631 et
858 578 973 631 viva
1001 619 1013 639 ,
1044 591 1162 645 qua:
1191 590 1403 645 semper
1431 576 1667 629 lmtilicas

124 651 408 720 juventutem
456 666 655 705 meam.
702 648 941 703 Dilexisti
980 650 1121 702 enim
1153 662 1277 720 _me,
1321 647 1474 720 unice
1517 662 1671 700 amor

128 718 268 783 incus.
296 732 576 790 antequam
606 720 880 789 diligerem
920 728 990 783 te,
1023 730 1075 773 et
1103 718 1167 771 ad
1208 718 1491 790 imaginem
1522 726 1665 771 tuam

132 795 283 847 creasti
307 808 387 847 me
407 788 721 853 {euntibus
748 791 1004 845 creaturis
1032 789 1136 842 tuis
1162 788 1494 857 praeposuisti
1538 804 1621 842 me
1650 805 1666 842 ε

137 878 256 931 quam
284 864 588 933 dignitatem
623 870 746 915 tunc
766 861 978 930 quidem
1004 875 1162 915 servo
1188 874 1307 913 cum
1332 860 1570 913 noverim
1594 868 1665 925 te,

136 944 312 1003 propter
337 934 475 1001 quod
510 933 683 987 fecisti
700 948 813 987 ine.

189 1001 383 1060 CAPUT
419 1003 635 1059 XXVII.
687 1003 888 1069 Quanta
934 1001 1068 1056 Deus
1106 1010 1306 1071 prmslet
1344 1001 1536 1054 homini
1584 1017 1672 1071 per

133 1076 309 1145 Angelos
335 1075 604 1145 custodes._
622 1072 768 1128 Unde
792 1073 887 1126 Dei
907 1090 1018 1126 cum
1044 1074 1244 1127 homine
1272 1072 1484 1125 deliciae.
1517 1072 1670 1145 lusu-

132 1140 208 1211 ι)οέ
238 1147 355 1201 lacis
395 1140 631 1213 Angelos
672 1153 789 1197 tuos
835 1145 1050 1211 spiritus
1092 1151 1310 1213 propter
1348 1159 1453 1205 me,
1483 1144 1675 1211 quibus

130 1218 351 1273 illatttiasli
385 1225 441 1270 ut
479 1216 784 1269 ριιειοιιιτιιιι
812 1231 898 1269 me
928 1215 978 1267 iit
1011 1214 1256 1268 omnibus
1287 1214 1385 1269 viis
1415 1214 1545 1268 meis
1565 1256 1578 1278 ,
1608 1229 1675 1268 ne

127 1282 237 1355 forte
266 1287 529 1341 oﬂ‘endam
570 1286 635 1340 ad
672 1284 896 1355 lapidem
935 1286 1119 1353 prdem
1163 1301 1338 1338 meum
1372 1283 1542 1352 (Psal.
1572 1300 1671 1350 xc,

126 1354 171 1425 11
199 1402 211 1421 ,
236 1357 337 1425 12).
388 1358 451 1411 lli
496 1365 624 1411 sunt
662 1354 905 1410 custodes
946 1372 1107 1425 super
1147 1370 1326 1409 muros
1366 1364 1483 1409 tuos
1526 1372 1675 1409 novte

119 1422 385 1482 Jerusalem
417 1428 571 1495 (lsoi.
601 1444 711 1481 an
734 1469 749 1492 ,
782 1426 835 1495 6)
860 1469 873 1492 ,
907 1435 958 1480 et
985 1422 1192 1480 nioutes
1230 1427 1282 1480 in
1313 1425 1533 1480 circuitu
1561 1427 1677 1494 ejus

116 1496 369 1564 \igilautes
389 1510 447 1553 et
471 1498 836 1552 custodientes
865 1498 1066 1566 vigilias
1094 1499 1263 1552 noctis
1284 1512 1443 1566 super
1463 1513 1675 1567 gregem

112 1572 239 1623 tuum
273 1570 423 1641 (Luc.
470 1585 531 1635 tt,
573 1570 655 1640 8),
684 1575 771 1623 'tte
803 1570 1013 1641 quando
1054 1570 1235 1641 rapiat
1268 1578 1320 1622 ut
1366 1570 1446 1641 leo
1472 1570 1678 1641 animas

116 1639 305 1695 ttustras
327 1683 343 1705 ,
374 1641 503 1695 dum
538 1656 643 1693 non
676 1649 756 1692 est
781 1639 869 1708 qui
896 1640 1152 1704 redimat,
1188 1639 1274 1692 ille
1310 1639 1555 1709 antiquus
1580 1639 1675 1692 ad-

123 1715 360 1766 versarius
391 1722 595 1769 noster,
630 1711 716 1778 qui
744 1712 888 1777 quasi
914 1711 997 1763 leo
1023 1712 1236 1779 rugiens
1260 1725 1471 1778 semper
1494 1710 1680 1763 circuit

116 1798 341 1851 qurerens
378 1798 539 1851 quem
574 1782 794 1834 devoret
832 1781 887 1850 (l
912 1780 1053 1834 Pclr.
1087 1799 1149 1846 v,
1180 1782 1253 1847 8).
1288 1782 1347 1833 Hi
1385 1789 1507 1833 sunt
1537 1782 1681 1834 cives

110 1854 269 1907 beata:
307 1855 535 1906 civitatis
572 1868 819 1919 superna:
856 1852 1185 1915 Jerusalem,
1216 1868 1333 1919 tllltl:
1359 1867 1567 1903 sursum
1601 1861 1681 1903 cst

110 1936 280 1977 mrtter
319 1935 495 1978 nostra
524 1922 717 1986 ((ἐίιιιιι.
750 1938 803 1975 iv
828 1964 842 1987 ,
869 1922 964 1991 ‘26)
990 1964 1003 1985 ,
1048 1924 1096 1975 in
1141 1923 1489 1975 ministerium
1533 1922 1680 1974 missi

110 2004 336 2063 propter
361 2009 453 2048 eos
476 1996 558 2059 qui
588 1993 949 2047 haereditatent
978 1995 1189 2061 capiunt
1218 1993 1401 2045 salutis
1428 1992 1607 2063 (Hebr.
1641 2008 1679 2058 ι,

118 2068 248 2132 lli»);
274 2075 333 2116 ιιι
357 2079 450 2118 eos
470 2064 678 2118 liberent
704 2064 772 2117 ab
809 2065 1035 2117 inimicis
1060 2066 1191 2129 Suis,
1222 2072 1272 2115 et
1303 2064 1602 2117 custodiant
1632 2065 1682 2115 in

108 2136 379 2189 oinnibus
407 2136 497 2187 viis
516 2136 642 2199 suis;
669 2133 970 2189 confortent
1000 2150 1209 2204 quoque
1234 2142 1287 2188 et
1316 2143 1566 2187 moueant
1585 2176 1597 2197 ,
1631 2142 1685 2187 et

106 2208 397 2261 orationes
420 2205 625 2258 liliorum
650 2216 857 2260 tuorum
880 2206 1103 2259 elici-ant
1125 2208 1173 2259 iu
1197 2215 1481 2274 conspectu
1502 2205 1683 2274 glori-.1:

106 2276 413 2343 majestatis
449 2286 563 2329 tusc.
605 2277 836 2345 Diligunt
878 2291 1067 2344 nempe
1105 2276 1349 2330 concives
1390 2291 1546 2338 suos,
1592 2290 1686 2344 per

102 2362 239 2415 quos
288 2363 407 2400 sua:
454 2346 619 2400 ruinae
673 2348 932 2400 scissuras
986 2347 1264 2401 instaurari
1320 2356 1679 2413 exspectant;

106 2420 331 2487 ideoque
370 2432 559 2486 magna
587 2432 712 2471 cura
740 2427 793 2471 et
820 2418 1051 2486 vigilanti
1092 2419 1268 2472 studio
1306 2417 1496 2470 adsunt
1536 2418 1686 2471 nobis

115 2490 356 2542 eninibus
392 2488 538 2541 limis
565 2496 618 2542 et
647 2489 810 2552 locis,
842 2498 1213 2542 succurrentcs
1252 2499 1304 2541 ct
1348 2488 1687 2556 providentes

119 2560 516 2613 necessitatibus
545 2560 740 2613 nostris
762 2600 775 2621 ,
809 2570 862 2613 et
900 2559 1108 2612 solliciti
1153 2560 1511 2612 discurrentes
1554 2559 1689 2611 inter

125 2648 205 2683 nos
232 2640 282 2683 et
323 2640 376 2682 te
406 2669 419 2691 ,
454 2631 679 2683 nomine
701 2671 716 2696 ,
747 2631 971 2698 gemitus
1013 2639 1224 2683 nostros
1266 2639 1424 2697 atque
1464 2630 1687 2697 suspiria

128 2702 403 2754 icit-rentes
428 2700 496 2753 ad
532 2709 583 2753 te
604 2743 617 2763 ,
650 2711 701 2752 ιιι
729 2702 1012 2768 impetrent
1040 2701 1193 2755 nobis
1226 2700 1431 2753 facilem
1460 2710 1560 2751 tua:
1594 2701 1689 2753 bc-

134 2774 379 2839 nignitatis
403 2771 855 2838 propitiatiouetn,
886 2782 939 2825 et
959 2771 1190 2826 referant
1210 2770 1275 2824 ad
1303 2785 1400 2823 nos
1422 2770 1691 2824 desidera-

136 2852 224 2893 tam
254 2852 353 2894 tua:
387 2843 577 2910 grati-.e
620 2841 1061 2896 benedictionem.
1097 2841 1383 2895 Ambulant
1412 2841 1688 2894 nobiscum

140 2912 179 2963 in
204 2915 435 2965 omnibus
470 2913 570 2963 viis
597 2914 814 2976 nostris,
849 2914 1047 2966 intrant
1072 2920 1125 2967 et
1150 2922 1350 2967 exeunt
1380 2913 1651 2965 nobiscum
1673 2952 1687 2974 ,

144 2992 313 3035 attente
341 2983 745 3037 considerantes
772 2998 927 3051 quam
960 2985 1063 3052 pie,
1096 2999 1359 3052 quamque
1384 2982 1607 3036 honeste
1637 2983 1691 3035 in

146 3052 295 3107 medio
322 3070 496 3119 pravae
522 3054 751 3106 nationis
775 3069 1169 3115 conversemur,
1193 3063 1497 3123 quantoque
1518 3054 1694 3106 studio

147 3133 188 3201 et
224 3124 479 3178 desiderio
524 3138 827 3201 qumramtts
871 3140 1089 3193 regnum
1139 3132 1387 3201 tuum‘et
1435 3124 1691 3191 justitiam

151 3195 275 3257 ejus,
300 3204 603 3263 quantoque
634 3195 820 3249 timore
846 3203 897 3248 et
927 3206 1155 3249 tremore
1180 3196 1475 3249 serviamus
1510 3203 1563 3248 et
1598 3210 1693 3247 cx-

144 3264 371 3333 suitcmus
418 3266 549 3329 tibi,
576 3264 758 3319 ltetitia
797 3266 973 3319 cordis
1014 3267 1202 3320 nostri.
1250 3266 1511 3333 Adjuvuttt
1552 3266 1696 3317 Iaho-

142 3347 331 3397 tantcs,
361 3342 645 3404 protegunt
667 3338 998 3405 quiescentes
1017 3377 1031 3399 ,
1064 3338 1339 3389 hortantur
1366 3346 1657 3404 pugnantes
1677 3376 1691 3398 ,

141 3415 383 3482 coronant
406 3406 680 3482 vincentes
704 3423 718 3469 ;
746 3407 1079 3482 congaudent
1106 3406 1485 3482 gaudentibus,
1515 3407 1579 3461 de
1612 3416 1692 3473 te,

143 3476 368 3547 inquam,
388 3476 767 3545 gaudentibus;
796 3480 1189 3546 compatiuntur
1224 3478 1543 3546 patientibus
1561 3519 1573 3542 ,
1598 3492 1697 3547 pro

140 3551 219 3615 _tc,
254 3545 481 3612 inquam,
508 3547 849 3615 patientibus.
880 3545 1107 3603 Grandis
1132 3545 1318 3603 estcis
1348 3564 1474 3602 cura
1508 3548 1573 3601 de
1601 3545 1699 3601 ito-

132 3611 245 3687 bis.
281 3611 491 3684 niagnus
510 3611 738 3675 affectus
776 3618 1076 3673 dilectionis
1111 3635 1293 3672 eorum
1326 3635 1451 3687 erga
1484 3635 1608 3683 nos;
1646 3628 1703 3685 et

129 3681 227 3735 hoc
254 3681 423 3757 totum
447 3698 665 3756 propter
700 3690 952 3743 honorem
985 3698 1085 3743 tua:
1112 3681 1495 3744 inaestimabilis
1519 3681 1697 3743 chari-

130 3758 265 3817 tatis,
293 3772 401 3836 qua
425 3757 653 3812 dilexisti
677 3774 794 3813 nos.
832 3760 1062 3836 Diligunt
1091 3761 1229 3836 enim
1257 3774 1389 3829 quos
1414 3770 1465 3812 tu
1493 3760 1695 3836 diligis;

126 3828 431 3899 custodiunt
452 3845 586 3895 quos
619 3839 672 3883 tu
702 3828 963 3896 custodis;
996 3840 1050 3885 et
1079 3828 1333 3884 deserunt
1360 3846 1492 3899 quos
1521 3840 1573 3884 ιιι
1596 3828 1702 3885 de-

124 3892 413 3971 seris._Nec
440 3892 664 3968 diligunt
683 3892 965 3968 operantes
992 3902 1341 3970 iniquitatem,
1373 3892 1618 3971 quoniam
1648 3910 1701 3955 et

124 3974 171 4017 tu
198 3967 357 4022 odisti
396 3967 583 4024 omnes
609 3972 697 4039 qui
724 3967 1025 4040 ’operantur
1050 3967 1402 4041 iniquitatem,
1433 3982 1483 4025 et
1510 3974 1700 4041 perdes

117 4052 303 4114 comes
358 4042 462 4114 ,gui
522 4040 806 4114 loquuntur
866 4040 1196 4097 mendacium
1258 4041 1441 4114 (Psal.
1476 4060 1505 4094 v
1538 4086 1551 4105 ,
1602 4044 1697 4109 7).

114 4106 337 4181 Quoties
366 4106 505 4165 liene
542 4106 1040 4181 agimus,gaudent
1064 4106 1287 4181 Attgeli‘,
1332 4122 1384 4166 ct
1424 4106 1702 4167 tristantur

113 4177 432 4252 dit-mones;
465 4177 672 4252 quoties
700 4177 830 4237 vero
858 4201 886 4237 a
925 4186 1064 4239 bono
1097 4177 1399 4247 deviamus,
1432 4185 1699 4238 diabolum

108 4246 501 4325 lt-titicanius:
544 4262 605 4325 et
636 4255 865 4322 Angelos
909 4270 1005 4309 suo
1046 4256 1238 4325 gaudio
1281 4254 1697 4309 defraudamus:

107 4320 372 4395 gaudium
412 4332 496 4377 est
520 4324 665 4396 enim
700 4320 778 4378 eis
816 4342 974 4395 super
1000 4320 1106 4381 uno
1138 4335 1413 4393 peccatore
1443 4327 1703 4396 pmniten-

113 4392 239 4467 tiam
266 4402 471 4467 agente
509 4392 659 4467 (Luc.
688 4412 785 4467 xv,
816 4392 903 4467 7),
933 4396 1027 4451 sed
1050 4392 1260 4451 diabolo
1296 4392 1455 4465 super
1487 4413 1593 4451 uno
1614 4396 1701 4465 ju«

113 4470 192 4511 sto
226 4463 240 4491 ¹
274 4464 654 4537 ραξιιίιειιιίιιιιι
685 4463 982 4522 deserente.
1012 4468 1083 4521 Da
1110 4468 1285 4537 igitur,
1312 4463 1399 4531 da,
1431 4477 1597 4536 pater,
1616 4463 1703 4523 eis

112 4542 332 4607 semper
375 4535 610 4604 gaudere
634 4537 701 4590 de
731 4539 884 4592 nobis
907 4578 922 4604 ,
951 4547 1088 4592 utet
1129 4535 1182 4592 tu
1231 4554 1323 4607 per
1361 4553 1454 4593 eos
1493 4554 1705 4606 semper

114 4598 358 4672 lauderis
378 4598 435 4659 in
466 4607 643 4672 nobis,
673 4617 729 4663 et
754 4624 851 4663 nos
875 4598 995 4665 cum
1017 4609 1096 4664 eis
1124 4609 1177 4663 in
1211 4598 1369 4662 unum
1397 4609 1533 4663 ovile
1556 4598 1703 4664 tuum

115 4670 483 4740 adducantur;
518 4688 575 4731 ut
603 4670 952 4734 conﬁteantur
974 4680 1127 4735 simul
1158 4681 1356 4733 nomini
1379 4689 1563 4734 sancto
1589 4690 1700 4745 tuo,

117 4753 334 4798 creator
378 4747 653 4802 hominum
694 4758 746 4804 et
784 4751 1129 4820 Angelorutu.
1165 4751 1289 4804 llaec
1322 4752 1435 4820 ipse
1470 4766 1706 4806 comme-

119 4825 339 4893 Ilttfratts
364 4832 543 4872 coram
580 4828 653 4887 te,
680 4821 939 4893 conﬁteor
973 4820 1193 4893 laudans
1228 4831 1311 4889 te,
1338 4823 1585 4891 quoniam
1615 4822 1706 4876 be—

120 4886 309 4961 Itelicia
339 4896 428 4961 tua
457 4905 644 4959 magna
667 4899 790 4944 sunt
818 4892 950 4957 lucc,
976 4892 1167 4961 quibus
1194 4886 1702 4960 nos’honorilicasti,

122 4950 250 5032 dans
283 4950 686 5032 no_bis_aug'elos
723 4970 843 5017 tuos
876 4950 1093 5032 spiritus
1127 4964 1178 5017 in
1218 4963 1568 5017 ministerium
1609 4950 1708 5018 no:-

122 5031 311 5103 strum.
347 5028 582 5085 Dederas
603 5031 744 5087 enim
782 5028 1035 5103 quidquid
1071 5034 1189 5089 caeli
1230 5035 1429 5088 ambitu
1467 5035 1708 5089 contine-

126 5100 233 5174 “13‘;
279 5108 338 5151 et
380 5102 530 5169 quasi
578 5117 737 5171 parva
784 5100 898 5158 haec
930 5100 1051 5174 qua:
1090 5105 1189 5159 sub
1234 5104 1372 5159 etnlo
1409 5114 1571 5170 sunt,
1605 5106 1707 5161 nisi

130 5162 357 5260 iddcres
384 5162 438 5224 ét
469 5187 528 5260 ea
555 5162 671 5260 quie
692 5185 823 5260 sunt
862 5162 1023 5260 super
1059 5176 1242 5260 eteius.
1262 5176 1525 5260 hau-dent
1559 5162 1611 5231 te
1639 5175 1707 5259 de

136 5230 229 5289 bne
253 5254 445 5294 omnes
474 5230 659 5311 Angeli
690 5245 782 5307 tui,
810 5230 1161 5301 conliteantur
1183 5247 1273 5302 tibi
1297 5248 1365 5302 de
1397 5246 1498 5301 hoc
1528 5230 1706 5303 omnia

133 5318 283 5391 930m
316 5320 429 5391 tua,
462 5320 515 5368 et
542 5314 641 5382 ipsi
670 5316 843 5370 sancti
875 5318 1292 5391 t_ui_be_nediea‘nt
1323 5318 1436 5372 tibi.
1466 5317 1510 5372 Ο
1540 5318 1706 5391 hono-

131 5380 381 5459 riﬁcentia
410 5380 593 5459 nostra
617 5426 633 5448 ,
672 5401 808 5459 quos
844 5389 1001 5442 nimis
1041 5388 1399 5443 houorilicans
1437 5397 1492 5443 et
1532 5389 1707 5445 ditans

132 5451 304 5505 multis
343 5456 657 5511 muneribus
688 5451 991 5513 decorasti!
1025 5459 1353 5517 Admirabile
1391 5469 1474 5515 est
1512 5476 1704 5515 nomen

138 5523 313 5603 \Avtttn,
331 5524 576 5603 Domine,
610 5527 664 5582 in
696 5529 1107 5603 universagterra
1130 5530 1301 5599 (Psal.
1327 5547 1441 5595 vui,
1465 5531 1543 5602 2).
1570 5532 1705 5597 Quid

153 5595 205 5645 ett
230 5597 375 5649 enim
402 5596 567 5653 homo
588 5641 602 5663 ,
630 5599 755 5670 quia
784 5601 1093 5671 magniﬁcas
1113 5595 1234 5657 eum
1260 5645 1275 5669 ,
1308 5611 1360 5657 et
1389 5595 1707 5660 honorificus

186 5728 359 5792 ‘nss.,
384 5731 771 5799 aedquidwper
792 5733 1171 5797 unojumjusto,
1195 5742 1291 5786 etc.

3250 250 3356 306 8811

1778 376 1897 436 eum
1924 361 2439 436 ,_¥e_t__appo_i_ti_s__crga
2458 376 2591 436 _eum
2626 378 2719 419 cor
2747 372 2891 418 tuum
2922 363 3059 432 (Job
3077 380 3179 433 vn,
3213 368 3277 421 17
3302 368 3357 436 )?

1844 431 2067 507 t2.»\_l‘U'l_‘
2109 431 2365 507 ‘XXVHI.
2446 432 2524 507 De
2560 506 2563 507 ν
2594 431 3049 503 prwdostinationis
3105 431 3172 490 ac»
3221 431 3356 507 prte-

1775 504 1996 578 sfientiw
2028 502 2119 555 Dei
2155 504 2411 573 mysterio.
2459 502 2637 578 Dixisti
2668 507 2807 560 enim
2831 548 2843 569 ,
2878 508 3082 578 Veritas
3108 502 3352 578 antiqua,

1777 573 2156 649 Qeliciwmew,
2185 590 2289 627 esse
2312 590 2425 649 cum
2447 576 2580 649 ﬁliis
2597 576 2851 649 hominum
2879 577 3057 648 (Prov.
3093 594 3181 633 vm
3198 621 3212 645 ,
3238 573 3354 649 3|).

1777 644 2148 722 Nonne‘hpmo
2190 645 2432 722 putredo,
2473 656 2526 699 et
2565 646 2707 722 tilius
2744 644 3357 722 hominis_vermis(Job

1779 731 1914 780 xxv,
1945 713 2039 785 6)?
2068 715 2252 770 Nonne
2279 717 2524 770 universa
2554 718 2758 772 vanitas
2786 720 2958 774 omnis
2990 720 3147 774 homo
3174 713 3359 775 vivens

1779 786 1947 860 (Paul.
1990 802 2224 860 xxxvm,
2257 786 2348 860 6)?
2380 788 2444 841 Et
2482 788 2714 860 dignum
2738 788 2888 860 ducis
2926 805 3085 860 super
3113 790 3360 860 hujusce-

1778 856 1921 911 modi
1958 859 2167 925 aperire
2192 858 2373 912 oculos
2405 856 2558 923 tuos,
2575 869 2627 913 et
2653 858 2919 914 adducere
2947 856 3067 915 enm
3098 856 3270 917 tecum
3304 863 3356 916 in

1773 928 2057 1001 judicium!
2091 929 2233 1001 Doce
2260 942 2376 1001 me,
2406 929 2630 1001 abyssus
2664 931 3067 996 prolttndissima
3086 974 3099 998 ,
3128 934 3359 987 creatrix

1778 999 2055 1066 sapientia.
2089 1001 2188 1065 Qui
2217 999 2419 1053 librasti
2451 999 2501 1054 in
2529 1002 2761 1069 pottdcre
2786 1012 3012 1067 montes,
3036 1012 3090 1057 et
3116 1004 3280 1057 colles
3308 1005 3359 1057 in

1782 1080 2015 1143 statera,
2062 1080 2115 1123 et
2155 1070 2450 1143 appendisti
2494 1073 2689 1125 molem
2735 1082 2889 1126 terra:
2936 1075 3101 1128 tribus
3143 1073 3359 1143 digitis,

1780 1142 2046 1215 suspende
2074 1142 2714 1215 (molunt_corporalitatis
2757 1144 2944 1212 hujus,
2991 1160 3149 1215 quam
3197 1142 3357 1213 gero,

1786 1213 1952 1265 tribus
1981 1212 2164 1266 invisis
2205 1212 2383 1281 digitis
2414 1215 2513 1268 tuis
2544 1215 2608 1268 ad
2638 1226 2716 1280 te,
2750 1225 2807 1267 ut
2833 1212 3038 1275 videant
3075 1224 3129 1269 et
3162 1230 3365 1283 cogno-

1782 1298 1924 1336 scam
1953 1323 1965 1342 .
2008 1298 2163 1351 quam
2208 1284 2534 1339 admirabilis
2572 1301 2629 1340 es
2670 1287 2720 1338 in
2761 1287 3005 1340 universa
3046 1295 3205 1340 terra.
3249 1287 3363 1341 Lux

1783 1354 2187 1422 antiquissima,
2232 1370 2349 1422 quae
2399 1355 2611 1409 lucebas
2662 1366 2785 1410 ante
2827 1372 3036 1412 onmem
3088 1358 3257 1411 lucem
3309 1358 3364 1410 in

1784 1426 2049 1479 montibus
2091 1426 2287 1478 sanctis
2326 1427 2639 1480 aeternitatis
2685 1429 2952 1493 antiquae,
3000 1428 3083 1483 cui
3128 1428 3268 1482 nuda
3311 1435 3368 1482 et

1784 1507 1985 1570 aperta
2018 1506 2167 1549 erant
2205 1497 2381 1570 omnia
2422 1498 2438 1570 (_
2462 1496 2617 1570 Hebr.
2669 1513 2752 1562 tv,
2801 1499 2903 1570 15)
2945 1507 3228 1567 antequam
3268 1499 3367 1552 fie-

1785 1574 1935 1628 rent;
1974 1566 2059 1620 lux
2082 1608 2094 1627 ,
2126 1582 2242 1636 quae
2270 1568 2391 1621 odio
2427 1567 2592 1622 habes
2621 1584 2831 1623 onmem
2861 1566 3119 1624 maculam
3141 1610 3153 1630 ,
3185 1578 3368 1638 utpote

1786 1638 2127 1708 mundissima
2156 1647 2207 1691 et
2234 1638 2735 1697 immaculatissima,
2766 1656 2882 1708 quae
2903 1640 2993 1694 tibi
3022 1640 3224 1694 deliche
3245 1656 3367 1695 cum

1788 1707 2001 1781 inimice
2018 1709 2044 1781 ‘l
2072 1724 2187 1775 qum
2213 1712 2493 1781 conventio
2521 1710 2652 1781 lucis
2677 1710 2742 1764 ad
2773 1707 3019 1765 tenebras
3045 1711 3110 1781 (ll
3140 1710 3257 1764 Cor.
3291 1727 3364 1775 vt,

1789 1780 1877 1843 14)
1896 1782 1918 1831 2’
1951 1778 2050 1834 Ubi
2073 1790 2194 1832 sunt
2221 1780 2271 1832 in
2303 1779 2516 1833 homine
2545 1780 2747 1835 deliciie
2779 1782 2913 1833 tum?
2943 1783 3028 1836 ubi
3056 1778 3366 1850 praeparasti

1790 1851 1879 1902 tibi
1910 1851 1958 1902 iu
1986 1868 2066 1901 me
2088 1850 2301 1917 dignum
2324 1853 2678 1905 sanctuariuut
2707 1852 2995 1921 majestatis
3018 1862 3139 1915 ture,
3158 1853 3209 1906 in
3229 1854 3369 1919 quod

1790 1921 2044 1973 introitus
2085 1921 2279 1975 habeas
2319 1922 2533 1975 delicias
2572 1924 2872 1976 dilectionis
2902 1925 2913 1953 ¹
2950 1924 3087 1977 tum?
3119 1924 3369 1977 Mundum

1790 1991 1929 2043 enim
1959 1994 2286 2046 ctenaculum
2316 1993 2469 2045 decet
2499 2001 2568 2049 te.
2595 1994 2855 2046 mundatis
2881 1994 3064 2056 virtus,
3090 2009 3208 2063 qu:c
3231 2009 3368 2047 nou-

1790 2064 1894 2136 ttisi
1931 2079 1957 2113 a
2000 2063 2210 2136 mundis
2249 2063 2497 2136 cordibus
2541 2064 2705 2136 videri
2744 2073 2895 2132 potes
2935 2062 3144 2135 (Malui.
3191 2080 3243 2127 v,
3286 2063 3364 2136 8),

1790 2135 1959 2186 multo
1986 2135 2149 2199 magis
2178 2148 2279 2187 nec
2305 2132 2506 2187 haberi.
2546 2133 2599 2187 In
2634 2134 2847 2187 homine
2886 2132 3061 2189 autem
3104 2136 3189 2188 ubi
3233 2132 3369 2189 temo

1792 2204 1936 2275 plum
1970 2214 2073 2275 tam
2108 2203 2356 2257 mundum
2381 2245 2393 2265 ,
2427 2215 2481 2257 ut
2512 2216 2562 2259 te
2591 2206 2877 2275 suscipiat,
2910 2207 2997 2273 qui
3040 2207 3175 2274 regis
3215 2222 3372 2259 tumt-

1792 2274 1954 2326 dum?
1980 2274 2108 2340 Quis
2136 2281 2308 2341 potest
2347 2275 2520 2329 facere
2559 2274 2811 2329 munddm
2841 2276 2908 2330 de
2938 2276 3211 2330 immumlo
3238 2291 3371 2330 con-

1791 2352 1999 2412 ccptnm
2033 2346 2271 2398 semine?
2311 2359 2487 2399 nonne
2526 2353 2583 2399 tu
2622 2348 2709 2415 qui
2740 2348 2883 2401 solus
2908 2362 2965 2401 es
2991 2348 3219 2400 mundus
3250 2347 3372 2415 (Job

1793 2432 1915 2479 xw,
1942 2416 2035 2484 li)?
2064 2416 2443 2487 abiitnmundo
2481 2418 2621 2470 enim
2661 2418 2781 2486 quis
2818 2418 3157 2472 mundabitur
3184 2417 3370 2487 (Ea-li.

1793 2502 1980 2548 xxxw,
2023 2488 2116 2556 Ii)?
2141 2486 2274 2558 Nam
2312 2495 2366 2540 et
2402 2488 2694 2542 secundum
2739 2490 2908 2557 legem
2932 2530 2947 2555 ,
2988 2504 3144 2558 quam
3184 2486 3373 2542 dedisti

1796 2558 2036 2625 patribus
2067 2557 2264 2611 uestris
2294 2558 2342 2611 iu
2375 2558 2493 2626 igne
2532 2559 2875 2613 comburente
2916 2557 3147 2613 montem
3173 2600 3185 2621 ,
3230 2568 3284 2613 et
3323 2560 3373 2612 in

1796 2628 1934 2700 nube
1975 2639 2181 2700 tegente
2220 2644 2407 2700 aquam
2448 2630 2781 2683 tenebrosam
2806 2672 2818 2693 ,
2863 2630 3114 2700 quidquid
3150 2631 3377 2699 tetigerit

1796 2698 2099 2751 immundus
2121 2740 2134 2757 ,
2169 2699 2497 2752 immundum
2537 2702 2635 2753 erit
2670 2700 2854 2770 (Num.
2882 2698 2967 2755 χιχ
2993 2698 3148 2768 ,2?)
3178 2698 3376 2754 omnes

1796 2778 1974 2843 autem
2015 2785 2112 2821 nos
2150 2771 2296 2836 quasi
2339 2785 2544 2843 pannus
2582 2781 2923 2843 tuenstruata:
2955 2772 3103 2843 (lsoi.
3133 2787 3254 2824 Lstv
3279 2813 3291 2831 .
3320 2771 3375 2841 6)

1796 2839 1862 2893 de
1891 2854 2063 2892 massa
2094 2849 2340 2910 corrupta
2367 2850 2420 2894 ct
2458 2842 2727 2895 immunda
2765 2839 3039 2896 venientes
3064 2885 3079 2909 ,
3113 2839 3374 2897 maculam

1798 2910 2145 2963 immunditiic
2172 2922 2391 2976 nostrae,
2416 2926 2570 2978 quam
2600 2912 2775 2966 celare
2801 2914 2986 2967 saltem
3021 2914 3112 2966 tibi
3145 2915 3233 2981 qui
3262 2928 3378 2965 om-

1799 2982 1884 3036 nia
1933 2982 2119 3045 vides,
2152 2996 2254 3034 nou
2304 2996 2586 3050 possumus
2611 3024 2623 3043 ,
2673 2983 2724 3036 in
2770 2983 3032 3037 frontibus
3070 2992 3374 3051 portamus;

1798 3067 1962 3121 quare
1992 3053 2170 3104 mundi
2197 3068 2315 3105 esse
2345 3070 2445 3105 non
2474 3069 2771 3120 possutttus,
2804 3056 2903 3107 nisi
2934 3062 2988 3107 ιιι
3013 3054 3374 3113 llllllltlﬂthrlS,

1799 3124 1886 3191 qui
1914 3122 2059 3176 solus
2098 3137 2155 3176 cs
2194 3123 2439 3177 mundus.
2484 3123 2703 3178 Mundus
2742 3134 2919 3177 autem
2959 3124 3023 3177 de
3066 3125 3218 3177 nobis
3258 3124 3380 3179 ﬁliis

1802 3193 2073 3247 hominum
2121 3208 2215 3247 eos
2259 3194 2309 3245 iu
2355 3194 2548 3262 quibus
2595 3194 2686 3247 tibi
2731 3195 3052 3264 complacuit
3100 3194 3376 3259 habitare;

1800 3281 1933 3334 quos
1960 3265 2024 3318 ab
2047 3264 2496 3319 inaccessibilibus
2519 3264 2791 3331 profundis
2818 3266 3035 3319 secretis
3060 3264 3377 3333 judiciorum

1802 3335 2414 3403 incomprehensibilium
2438 3336 2708 3405 sapientiae
2726 3344 2847 3400 tuae,
2867 3350 3078 3404 semper
3089 3338 3377 3403 justorum,

1804 3408 1926 3461 licet
1973 3408 2320 3469 occultorum,
2367 3407 2481 3460 sine
2519 3420 2702 3460 eorum
2749 3408 2952 3461 meritis
2992 3406 3381 3475 prmtlestiuasti

1802 3486 1925 3533 ante
1948 3477 2433 3543 ntundum,vocasti
2458 3477 2523 3533 de
2541 3477 2759 3541 mundo,
2780 3478 3073 3545 justilicasti
3091 3478 3141 3530 in
3161 3477 3379 3544 mundo,

1803 3559 1857 3602 et
1888 3548 2191 3617 magniﬁcas
2220 3562 2313 3602 cos
2337 3555 2459 3618 post
2486 3548 2759 3602 mundum.
2792 3549 2904 3603 Non
2932 3557 3106 3603 autem
3136 3548 3383 3601 omnibus

1804 3619 1907 3673 hoc
1947 3618 2074 3671 facis
2098 3659 2112 3682 ,
2146 3619 2285 3687 quod
2325 3620 2656 3674 admirantur
2698 3620 3029 3674 tabescentes
3070 3632 3257 3674 omnes
3298 3632 3385 3673 sa-

1803 3691 2011 3761 pientes
2040 3699 2214 3761 teme.
2233 3690 2297 3744 Et
2325 3705 2445 3761 ego,
2468 3691 2709 3755 Domine,
2729 3689 2829 3745 hoc
2846 3689 3190 3745 considerans
3212 3704 3382 3761 (expa—

1804 3760 1982 3826 vesco,
2007 3771 2059 3815 et
2094 3760 2411 3831 obstupesco
2427 3761 2493 3815 de
2506 3760 2780 3815 altitudine
2795 3762 3093 3816 divitiarum
3110 3777 3165 3817 sa
3175 3760 3385 3830 pientiaa

1805 3840 1859 3887 et
1881 3832 2117 3886 scientize
2143 3842 2266 3899 tute,
2289 3831 2356 3886 ad
2385 3848 2542 3902 quam
2571 3847 2668 3900 ego
2691 3848 2793 3886 non
2815 3833 3076 3902 pertingo,
3096 3842 3151 3887 et
3176 3832 3383 3886 incom-

1805 3903 2180 3972 prehensibilia
2222 3901 2420 3971 judicia
2457 3904 2673 3969 justitim
2710 3901 2826 3957 tute
2864 3904 3040 3973 (Rom.
3090 3919 3177 3969 χι,
3224 3901 3319 3972 55)
3366 3917 3383 3955 :

1804 3974 2053 4041 quoniam
2093 3988 2158 4027 ex
2203 3974 2391 4028 eodem
2443 3974 2551 4027 luto
2598 3974 2697 4027 alia
2742 3973 2957 4042 quidem
2996 3972 3125 4028 facis
3164 3987 3290 4027 vasa
3332 3975 3384 4027 in

1806 4042 2061 4098 honorem
2083 4084 2099 4110 ,
2120 4044 2234 4097 (alia
2261 4045 2311 4097 in
2341 4044 2712 4098 contumeliam
2743 4045 3117 4111 sempiternam
3149 4042 3257 4112 (Id.
3289 4058 3345 4097 ιχ
3365 4082 3383 4112 ,

1802 4114 1919 4186 ει).
1950 4116 2091 4179 Quos
2121 4114 2277 4186 igitur
2306 4115 2396 4186 tibi
2426 4114 2643 4186 gelegisti
2685 4114 2751 4167 de
2786 4115 2964 4167 multis
3003 4115 3055 4167 in
3088 4113 3340 4186 templum
3364 4153 3383 4181 ,

1807 4183 1952 4254 ipsos
1980 4184 2203 4265 mundos
2220 4226 2234 4248 ,
2263 4183 2542 4239 effundens
2568 4200 2730 4252 super
2750 4198 2850 4239 eos
2873 4184 3342 4267 aquammundam
3366 4225 3382 4250 ,

1807 4270 2034 4326 quorum
2063 4256 2274 4308 nomina
2302 4270 2686 4323 numerumque
2717 4265 2771 4308 tu
2800 4255 2970 4321 nosti,
2998 4256 3085 4323 qui
3117 4255 3262 4309 solus
3289 4270 3387 4307 nu-

1804 4341 1984 4381 meras
2006 4326 2396 4379 multitudinem
2422 4326 2711 4387 stellarum,
2735 4335 2789 4380 et
2808 4326 3054 4380 omnibus
3073 4327 3150 4379 eis
3174 4326 3386 4379 nomina

1808 4412 1971 4452 vocas
1992 4395 2162 4467 (Psal.
2196 4411 2368 4458 cxu't,
2394 4396 2482 4465 4);
2509 4395 2781 4466 quietiam
2810 4396 2992 4465 scripti
3017 4403 3141 4450 sunt
3166 4395 3219 4449 in
3252 4395 3388 4467 libro

1810 4469 1931 4522 vita:
1954 4508 1969 4535 ,
2000 4466 2086 4536 qui
2124 4481 2454 4535 nequaquam
2495 4467 2670 4536 perire
2696 4474 2956 4538 possunt,
2984 4466 3181 4538 quibus
3207 4466 3389 4538 omnia

1802 4546 2164 4608 cooperantur
2192 4538 2243 4591 in
2266 4538 2483 4604 bonum,
2510 4540 2668 4592 etiam
2697 4537 2805 4607 ipsa
2829 4545 3064 4607 peccata.
3090 4537 3223 4591 Cum
3245 4537 3390 4591 enim

1809 4610 2007 4665 cadunt
2032 4650 2045 4671 ,
2076 4624 2182 4663 non
2222 4608 2578 4678 colliduntur,
2620 4609 2741 4678 quia
2783 4618 2838 4662 tu
2879 4608 3134 4678 supponis
3171 4622 3389 4662 manum

1810 4689 1954 4736 tuam
1973 4679 2141 4751 (Psal.
2164 4694 2346 4742 χχχιιι,
2364 4677 2487 4747 24);
2510 4677 2818 4735 custodiens
2838 4677 3015 4735 omnia
3034 4695 3157 4734 ossa
3177 4693 3387 4745 eorum,

1810 4761 1868 4806 nt
1893 4767 2056 4805 ttnum
2081 4767 2146 4807 ex
2173 4751 2250 4805 eis
2273 4766 2379 4821 non
2404 4759 2730 4821 contemtor.
2753 4753 2999 4805 Attamen
3029 4764 3171 4806 mors
3196 4764 3392 4821 pecca-

1810 4831 1989 4877 torum
2022 4823 2249 4892 peSsima
2282 4820 2451 4946 (Prol.
2478 4837 2678 4888 χχχιιι,
2704 4820 2832 4893 2‘2);
2860 4821 3071 4877 illorum
3091 4863 3104 4887 ,
3135 4820 3353 4892 inquam
3373 4861 3389 4887 ,

1812 4908 1947 4946 auos
1972 4905 2251 4946 anteouam
2305 4907 2488 4946 aceres
2519 4894 2713 4946 cretum
2739 4901 2796 4946 et
2834 4902 3026 4946 terram
3054 4936 3069 4946 .
3098 4892 3389 4946 secundum

1812 4908 1947 4964 quos
1972 4905 2251 4963 antequam
2283 4892 2488 4947 faceres
2519 4894 2713 4948 ccelum
2739 4892 2796 4948 et
2834 4902 3026 4948 terram
3054 4936 3069 4957 ,
3098 4892 3391 4947 secundum

1811 4965 2060 5036 abyssum
2084 4966 2302 5019 multam
2318 4964 2640 5036 judiciornm
2661 4973 2870 5036 tuorum
2887 4966 3236 5031 occultorum,
3252 4978 3394 5018 sem-

1804 5035 1911 5107 per
1928 5044 2102 5090 autem
2122 5038 2411 5105 justorum,
2434 5035 2747 5106 prtescivisti
2768 5035 2835 5090 ad
2859 5045 3085 5090 mortem
3114 5045 3391 5099 aeternam;

1812 5121 2038 5177 quorum
2081 5107 2435 5161 dinumeratio
2465 5109 2738 5161 nominum
2778 5114 2832 5162 et
2857 5108 3167 5177 meritorum
3200 5118 3391 5175 pravo-

1814 5175 1932 5232 rum
1960 5178 2099 5247 apud
2118 5188 2168 5232 te
2191 5188 2293 5243 est,
2308 5179 2393 5247 qui
2418 5193 2694 5233 numerum
2718 5193 2897 5232 arena:
2917 5178 3077 5231 maris
3092 5175 3389 5247 dinumera-

1814 5249 1903 5319 sti,
1927 5257 1979 5303 et
1995 5246 2267 5303 dimensus
2281 5246 2339 5303 es
2361 5248 2680 5319 profundum
2700 5249 2895 5319 abyssi,
2914 5262 3049 5317 quos
3062 5246 3322 5319 reliquisti
3342 5246 3385 5299 in

1814 5318 2164 5374 immunditiis
2190 5321 2320 5387 suis,
2345 5317 2536 5387 quibus
2558 5320 2732 5373 omnia
2771 5317 3391 5387 coeperaturinmalum,

1812 5400 1868 5445 et
1890 5391 2003 5460 ipsa
2030 5391 2189 5445 etiam
2210 5391 2380 5445 oratio
2408 5392 2630 5445 vertitur
2660 5391 2710 5443 in
2739 5400 3050 5458 peccatum;
3083 5399 3137 5441 ut
3162 5390 3204 5440 si
3234 5388 3394 5460 etiam

1814 5456 1983 5530 usque
2014 5461 2079 5515 ad
2115 5462 2281 5517 ccelos
2308 5462 2675 5523 ascenderint,
2718 5456 2771 5514 et
2810 5469 2968 5527 caput
3009 5473 3190 5530 eorum
3231 5456 3395 5508 nubes

1815 5527 2065 5601 tetigerit,
2082 5542 2134 5587 et
2152 5534 2285 5586 inter
2302 5532 2474 5587 sidera
2497 5532 2616 5587 creti
2637 5531 3013 5601 collocaverint
3028 5527 3204 5601 nidum
3222 5538 3394 5593 suum,

1815 5596 1964 5675 qua‘Si
1990 5596 2375 5674 sterquilinium
2400 5604 2450 5657 in
2478 5606 2579 5658 (itte
2610 5601 2897 5671 perdantur
2923 5597 3123 5670 (Abdia:
3147 5596 3223 5670 4).

1884 5738 1901 5769 ί
1923 5736 2062 5800 Alias,
2088 5734 2431 5788 delectationis.
