3860 6366
451 329 557 386 887

520 439 746 496 CAPUT
809 436 999 493 ΧΧῚΧ.
1076 431 1154 488 De
1217 432 1484 488 altitudine
1549 433 1858 503 judicrorum
1913 433 2024 486 Dei.

449 511 633 579 Magna
679 518 802 563 sunt
851 508 965 562 lucc
1006 505 1203 579 judicia
1247 504 1623 579 tua,_Domine
1667 503 1831 579 _Deus,
1867 504 2027 579 judux

447 574 591 654 iuste
617 594 669 654 et
701 582 871 654 fortis,
895 580 983 649 qui
1008 574 1227 647 ‘judicas
1253 577 1555 654 aequitatem
1585 584 1639 654 et
1667 574 2029 654 inst-rutabilia

449 645 506 708 et
536 652 827 723 profunda:
851 645 973 721 qua:
1000 645 1121 723 cum
1148 646 1448 710 considero,
1476 645 1893 723 contremiscunt
1915 660 2031 698 om-

453 714 548 778 nia'
564 738 683 777 ossa
717 714 1128 791 meafquoniam
1174 734 1278 772 non
1321 725 1596 791 secuntur
1642 714 1804 769 homo
1847 717 2030 791 vivens

450 809 611 862 super
639 787 972 848 terram'fut
1006 791 1298 844 serviamus
1342 789 1434 843 tibi
1465 789 1549 856 pie
1576 796 1631 862 et
1651 796 1800 841 caste
1818 787 2032 862 cunctis

452 859 642 919 diebus
665 864 787 918 vita:
818 871 1014 917 nostra:
1037 863 1088 914 in
1118 862 1328 924 timore,
1357 869 1411 914 et
1439 860 1767 912 exsultemns
1795 859 1885 911 tibi
1909 873 2030 911 cum

454 945 722 997 tremore;
760 943 817 988 ut
858 933 1080 987 non-sit
1131 932 1403 986 servilium
1458 930 1573 984 sine
1618 929 1828 994 timore,
1859 942 2032 996 neque

451 1007 702 1076 gaudium
725 1006 839 1060 sine
856 1015 1106 1076 tremore,
1121 1012 1174 1057 et
1196 1001 1572 1076 nonglorietur
1591 999 1863 1076 accinctus
1881 1013 2032 1067 reque

453 1070 511 1131 ῖιι
535 1077 856 1150 discinctus‘
893 1074 1001 1150 (III
1022 1074 1145 1145 Reg.
1173 1089 1274 1138 xx,
1295 1070 1407 1143 II),
1439 1086 1613 1140 neque
1637 1070 2034 1150 glorieturunte

455 1157 506 1200 te
536 1146 709 1201 omnis
735 1161 880 1207 caro,
902 1139 1003 1201 sed
1046 1139 1289 1214 pavescat
1327 1139 1380 1198 et
1411 1139 1787 1214 contremiscat
1827 1139 2033 1214 a__facie

454 1227 565 1290 tua,
591 1217 950 1290 cumiguoret
977 1211 1135 1270 homo
1170 1227 1343 1290 utrum
1379 1227 1560 1266 amore
1601 1228 1666 1290 an
1697 1211 1818 1265 odio
1841 1211 2033 1290 dignus

455 1287 524 1340 sit
549 1303 562 1350 ;
604 1287 697 1363 sed
727 1282 783 1341 in
810 1287 1245 1363 futurum_omnia
1267 1292 1608 1363 reservautur
1639 1284 1858 1337 incerta.
1886 1282 2032 1363 Vidi-

455 1373 576 1412 mus
607 1358 748 1412 cnim
779 1359 990 1422 multos,
1033 1357 1274 1423 Domine,
1307 1365 1359 1411 et
1397 1355 1695 1409 audivimus
1724 1368 1754 1408 a
1795 1353 2034 1423 patrihus

454 1429 652 1482 nostris
679 1429 841 1554 qquod
865 1429 1047 1498 utique
1071 1428 1187 1482 sine
1214 1441 1404 1496 magno
1431 1435 1662 1480 tremore
1689 1439 1792 1478 non
1829 1424 2030 1488 recolo,

455 1499 571 1554 siue
598 1515 688 1554 mu
713 1510 764 1554 to
786 1500 976 1554 timore
1001 1515 1104 1553 non
1125 1497 1436 1554 conﬁteor).
1459 1495 1764 1550 ascendisse
1792 1495 2030 1554 primitus

455 1499 571 1554 siue
598 1495 764 1554 multo
786 1495 976 1555 timore
1001 1515 1104 1553 non
1125 1495 1436 1567 conﬁteor),
1459 1495 1764 1567 ascendisse
1792 1495 2033 1563 primitus

455 1569 670 1639 quidem
701 1586 866 1640 usque
892 1569 957 1624 ad
1001 1570 1185 1634 caelos,
1220 1579 1271 1623 et
1299 1565 1436 1623 inter
1464 1567 1635 1640 sidera
1670 1565 1849 1620 nidum
1879 1579 2031 1640 suum

456 1635 795 1712 collocasse;
822 1641 1162 1712 postmodum
1217 1649 1392 1712 autem
1418 1637 1702 1712 hcecidisse
1739 1635 2032 1712 _ttsqoe__ad

455 1710 700 1782 abyssos,
724 1723 775 1765 et
799 1707 1004 1766 a'nimas
1032 1726 1215 1765 eorum
1240 1711 1290 1782 in
1331 1710 1484 1782 malis
1504 1708 1861 1782 obstupuisse.
1880 1707 2035 1782 _Vidi-

455 1778 575 1836 mus
614 1784 798 1838 stellas
849 1783 916 1838 de
960 1783 1099 1838 cmlo
1142 1781 1397 1836 cecidisse
1441 1781 1509 1834 ab
1554 1780 1752 1846 impetu
1797 1778 2036 1832 ferientis

455 1853 640 1906 caudas
660 1853 926 1914 draconis.
949 1862 1004 1908 et
1026 1868 1122 1908 eos
1148 1852 1237 1919 qui
1258 1852 1506 1920 jacebant
1534 1851 1583 1904 in
1611 1850 1824 1919 pulvere
1853 1858 2030 1920 terrae,

456 1937 488 1976 a
516 1921 649 1977 facie
687 1923 1014 1978 sublevantis
1043 1937 1229 1976 manus
1271 1933 1394 1985 tum,
1439 1922 1681 1987 Domine,
1725 1919 2036 1974 mirabiliter

456 1993 781 2048 ascendisse.
819 1994 1055 2048 Vidimus
1097 1995 1245 2048 vivos
1285 1993 1593 2056 morientes,
1632 2001 1685 2045 et
1729 2001 1963 2044 mortuos
2003 2005 2034 2044 a

457 2073 632 2135 morte
670 2073 980 2135 surgentes;
1012 2074 1066 2119 et
1091 2079 1184 2120 eos
1212 2063 1301 2134 qui
1344 2065 1480 2117 inter
1508 2063 1642 2116 Iilios
1672 2062 1766 2135 Dei
1801 2061 2038 2135 ambula:

459 2134 608 2206 bant,
643 2136 692 2188 in
727 2131 909 2206 nfcdio
949 2135 1180 2206 lapidum
1231 2131 1512 2204 iguilorum
1561 2134 1707 2202 quasi
1752 2134 1920 2206 _Iutnm
1968 2131 2036 2186 ad

459 2205 680 2260 nihilum
721 2203 1023 2260 deﬂuxisse.
1061 2203 1300 2260 Vidimus
1343 2207 1512 2259 lucem
1554 2203 1951 2267 obtenebrasse,
1982 2211 2039 2257 ct

458 2275 526 2331 de
557 2277 788 2332 tenebris
819 2278 986 2333 lucem
1020 2278 1357 2346 processisse,
1388 2277 1508 2345 quia
1548 2274 1809 2346 publicani
1846 2285 1900 2328 et
1926 2287 2036 2346 me:

457 2349 678 2402 retrices
726 2343 1031 2416 przecedunt
1079 2349 1276 2402 incolas
1321 2350 1371 2400 in
1403 2343 1568 2416 regno
1607 2345 1894 2416 cwlorum;
1946 2343 2036 2398 lilii

459 2428 635 2472 autem
657 2415 804 2488 regni
835 2420 1117 2487 ejicientur
1141 2420 1192 2472 in
1232 2415 1483 2471 tenebras
1516 2417 1828 2488 exteriores.
1861 2415 2038 2481 Quare

459 2499 637 2558 autem
669 2485 766 2543 ista
795 2485 995 2556 omnia,
1031 2489 1130 2542 nisi
1159 2489 1279 2558 quia
1309 2488 1360 2540 in
1395 2496 1633 2558 montem
1665 2485 1810 2538 illum
1837 2499 2036 2558 _ascen-

461 2557 676 2628 derunt,
711 2560 760 2612 in
797 2573 954 2628 quem
982 2554 1189 2628 primus
1214 2557 1454 2612 ascendit
1478 2557 1714 2628 angelus,
1745 2564 1793 2608 ct
1819 2554 2037 2609 descen-

459 2627 538 2682 dit
565 2627 841 2685 diabolus?
869 2627 1013 2696 Quos
1038 2638 1215 2684 autem
1245 2627 1655 2696 prtedestinasti,
1689 2627 1832 2694 ipSns
1859 2635 1906 2678 et
1947 2641 2040 2677 vo-

459 2700 612 2762 casti,
642 2710 696 2755 et
724 2695 1086 2763 sanctilicasti,
1117 2710 1170 2754 et
1212 2695 1500 2763 mundasti,
1544 2707 1601 2751 ut
1629 2698 1841 2764 dignum
1885 2695 2036 2749 habi-

461 2772 692 2825 taculum
720 2772 825 2825 sint
849 2781 952 2825 tua:
979 2770 1303 2840 majestatis;
1335 2784 1455 2823 cum
1481 2770 1670 2838 quibus
1687 2777 1748 2840 et
1773 2767 1822 2820 in
1851 2767 2039 2840 quibus

461 2849 588 2914 sunt
608 2841 699 2896 tibi
725 2841 931 2914 delicia;
956 2837 1153 2914 sancta:
1173 2849 1226 2895 et
1250 2840 1482 2904 mundae,
1501 2837 1564 2893 in
1594 2838 1782 2914 quibus
1814 2846 1867 2892 tu
1894 2837 2041 2914 delc-

462 2913 642 2983 ctaris,
683 2921 738 2966 et
783 2911 1018 2967 Iaatilicas
1041 2912 1372 2983 iuventutem
1404 2925 1612 2974 eorum,
1642 2908 1883 2962 habitans
1921 2908 2038 2963 eum

463 2982 544 3036 eis
577 2982 628 3036 in
669 2983 847 3038 medio
871 2982 1077 3049 eorum,
1105 2992 1164 3038 ut
1208 2982 1306 3052 ipsi
1337 2983 1599 3052 templum
1622 2989 1861 3052 sanctum
1893 2987 2038 3033 tuum

465 3054 760 3132 siut,_quod
794 3069 1000 3126 magna:
1027 3051 1298 3125 dignitatis
1321 3051 1714 3108 commendatio
1742 3059 1823 3104 est
1852 3051 2040 3104 Imma-

467 3125 642 3177 nitatis
675 3133 888 3180 nostrae.

534 3195 761 3252 CAPUT
799 3195 969 3252 XXX.
1009 3196 1195 3252 Anima
1261 3195 1484 3248 humana
1557 3192 1728 3259 unde,
1793 3191 1915 3263 quid
1977 3192 2042 3246 sit

465 3275 512 3319 et
562 3283 662 3336 qua
703 3266 866 3321 beata.
914 3268 1103 3322 Anima
1154 3267 1295 3322 enim
1347 3281 1505 3336 quam
1563 3263 1931 3336 creastimnon
1967 3264 2046 3336 Vde

468 3345 520 3391 te
542 3334 582 3401 ,⁷
611 3337 706 3393 sed
767 3354 864 3410 per
918 3337 1147 3394 Verbum
1197 3348 1342 3392 tuum
1364 3334 1528 3410 ;_i_i_on
1557 3351 1622 3389 ex
1654 3334 1886 3410 qualibet
1929 3335 2044 3390 ele-

467 3405 786 3464 mentorum'
816 3410 1062 3477 materia,
1099 3410 1193 3465 sed
1229 3425 1298 3464 ex
1338 3407 1535 3472 nihilo;
1563 3421 1680 3476 qua:
1701 3405 1914 3474 quidem
1956 3420 2045 3458 ra-

469 3477 683 3534 tionalis
706 3521 741 3558 ,_
779 3480 1149 3536 intellectualis
1174 3522 1190 3549 ,
1231 3478 1540 3558 spiritualis,
1583 3491 1795 3558 semper
1815 3477 2042 3558 _vivens,

468 3563 683 3620 semper
730 3554 780 3606 in
817 3561 983 3616 motu,
1031 3547 1188 3621 quam
1239 3547 1458 3621 signasti
1515 3547 1715 3621 lumine
1745 3547 1918 3621 vultus
1949 3547 2044 3612 tui,

468 3630 526 3674 et
584 3617 910 3677 consecrasti
967 3617 1162 3676 virtute
1211 3617 1406 3674 lavacri
1461 3620 1533 3672 tui
1585 3635 1598 3671 :
1654 3617 1724 3671 ita
1775 3617 1912 3670 facta
1966 3625 2047 3672 est

469 3705 637 3760 capax
661 3693 953 3762 maiestatis
982 3701 1107 3758 tute,
1142 3691 1280 3761 quod
1314 3689 1663 3762 a_tesolo,_et
1698 3702 1724 3740 a
1757 3688 2049 3762 nullo_alio

468 3757 640 3844 possit
660 3757 886 3844 impleri.
909 3761 1042 3844 Cum
1071 3757 1246 3844 autem
1273 3768 1326 3844 te
1352 3759 1530 3844 habet,
1553 3759 1775 3844 _plentun
1802 3767 1885 3844 est
1902 3757 2048 3814 desi-

469 3828 675 3902 derium
703 3828 852 3901 ejus;
884 3841 939 3887 et
958 3831 1067 3902 jam
1099 3832 1230 3886 nihil
1261 3831 1402 3884 aliud
1429 3829 1568 3902 quod
1594 3828 1925 3902 desideretur
1953 3844 2050 3884 ex-

470 3901 658 3968 terius,
688 3899 873 3958 restat.
909 3899 1040 3956 Dum
1067 3911 1244 3957 autem
1272 3901 1470 3971 aliquid
1499 3900 1734 3971 exterius
1756 3899 2047 3971 desiderat,

470 3971 810 4044 manifestum
840 3983 922 4028 est
945 3973 1101 4044 quod;
1127 3981 1178 4028 te
1208 3985 1315 4044 non
1343 3970 1504 4044 habet
1542 3970 1795 4044 interius;
1825 3987 1929 4044 quo
1959 3970 2053 4024 ha-

469 4043 605 4109 bito,
627 4043 757 4098 nihil
794 4053 878 4100 est
903 4041 1044 4116 quod
1072 4042 1422 4116 desideretur.
1446 4041 1579 4116 (_Ium
1623 4041 1763 4116 enim
1804 4043 2055 4116 _sis_s_um-

470 4129 617 4170 mum
665 4125 720 4170 et
763 4111 940 4171 omne'
965 4115 1198 4181 bonum;
1244 4129 1349 4169 non
1396 4112 1554 4168 habet
1599 4111 1742 4183 quod
1787 4111 2056 4183 desideret

471 4186 719 4257 amplius,
748 4187 792 4241 si
828 4186 1064 4257 possidet
1089 4201 1249 4241 omne
1275 4182 1681 4257 bonum._Qu0d
1712 4183 1756 4257 si
1783 4198 1886 4257 non
1914 4182 2056 4257 desit-

472 4253 624 4312 derat
647 4273 808 4314 omne
830 4253 1066 4324 bonum,
1094 4267 1254 4314 restat
1292 4265 1352 4311 ut
1376 4253 1643 4312 desideret
1687 4254 1884 4324 aliquid
1913 4253 2056 4324 quod

473 4343 580 4384 non
611 4341 692 4384 est
723 4345 880 4384 omne
921 4330 1118 4385 bonum
1150 4346 1162 4381 :
1201 4343 1330 4398 ergo
1376 4341 1474 4382 nec
1517 4341 1782 4398 summu_m
1834 4326 2054 4391 bonum,

473 4414 602 4470 ergo
637 4415 735 4456 nec
778 4402 964 4463 Deum.
996 4399 1090 4455 sed
1143 4395 1317 4470 potius
1345 4406 1662 4470 creaturam.
1702 4395 1840 4470 _Cum
1879 4405 2057 4470 autem

472 4466 769 4526 creaturam
795 4471 1084 4536 desiderat,
1115 4466 1420 4526 continuam
1466 4469 1658 4523 famem
1702 4466 1894 4532 habet;
1936 4467 2059 4537 quia

475 4539 603 4597 licet
638 4544 778 4613 quod
807 4542 1075 4620 desidera_t
1103 4541 1488 4620 de__c_reaturis,
1519 4538 1860 4620 adipiscatur,
1893 4552 2057 4620 vacua

477 4608 670 4668 tamen"
684 4621 943 4678 remanet,
972 4614 1093 4684 quia
1130 4612 1261 4667 nihil
1287 4621 1368 4667 est
1395 4610 1536 4680 quod
1568 4625 1694 4684 eam
1714 4608 1931 4678 impleat
1958 4608 2060 4662 nisi

477 4691 555 4747 tu,
587 4684 654 4737 ad
698 4685 848 4752 cujus
894 4680 1176 4753 imaginem
1209 4691 1290 4737 est
1328 4692 1525 4736 creata.
1568 4680 1759 4748 Imples
1784 4687 1960 4753 autem
2005 4687 2062 4734 tu

477 4767 594 4818 eos,
625 4753 713 4821 qui
741 4749 869 4808 nihil
897 4749 1038 4810 aliud
1075 4753 1384 4808 desiderant
1408 4759 1600 4822 pneter
1621 4759 1706 4814 te;
1739 4759 1792 4804 et
1818 4749 2064 4822 Iacisgeos

477 4820 667 4892 dignos
715 4833 788 4890 te,
824 4833 1059 4890 sanctos,
1105 4825 1309 4890 beatos,
1356 4820 1819 4892 immaculatosiet
1864 4820 2065 4892 amicos

477 4891 728 4964 Dei;_qui
763 4895 940 4964 munia
978 4904 1225 4964 reputant
1255 4903 1313 4948 ut
1339 4903 1610 4964 stercora,
1637 4899 1696 4945 ut
1727 4891 2068 4964 lucrifaciant

482 4974 535 5036 _te
562 4961 740 5036 solum
768 4961 1148 5036 (ΡΙιίἰίρρῘιιι,
1191 4965 1271 5034 8).
1313 4964 1437 5030 l-Izec
1475 4970 1558 5017 est
1600 4962 1870 5036 beatitudo
1907 4979 2065 5033 quam

480 5033 682 5088 bomini
725 5033 1032 5100 contulisti;
1083 5037 1168 5091 hic
1210 5033 1382 5090 honor
1420 5049 1524 5104 quo
1555 5048 1674 5086 cum
1715 5033 1855 5088 inter
1880 5049 2067 5090 omnes

480 5114 755 5162 creaturas
784 5148 798 5171 ,
841 5107 937 5162 sed
965 5115 1020 5161 et
1057 5121 1219 5176 super
1244 5120 1430 5160 omnes
1461 5105 1820 5176 honoriticasti
1846 5144 1860 5169 ,
1895 5113 1951 5158 ut
2001 5108 2070 5160 sit

482 5177 800 5233 admirabile
817 5193 1008 5232 nomen
1032 5175 1179 5247 tuum
1198 5178 1252 5232 in
1264 5177 1509 5231 universa
1530 5184 1668 5229 terra
1685 5175 1972 5244 (Psal.vm,
1987 5177 2068 5247 (ε).

555 5247 782 5304 CAPUT
801 5247 1051 5305 XXXII]
1054 5247 1103 5302 bi
1121 5245 1258 5303 Deus
1280 5247 1482 5302 habitet.
1507 5247 1656 5314 Quod
1678 5263 1767 5318 per
1783 5262 1958 5318 sensus
1971 5245 2071 5301 non

482 5319 764 5376 inueniatur
783 5319 935 5374 Deus.
965 5320 1100 5388 Quid
1121 5319 1280 5372 Deum
1301 5320 1572 5390 quu'rcmto
1591 5317 1897 5390 qutrramus.
1913 5317 2073 5390 Crea-

484 5401 714 5446 turarum
739 5393 800 5444 de
827 5391 930 5444 Deo
950 5389 1411 5459 testimmtium.Qui
1436 5390 1498 5443 ab
1523 5389 1721 5444 homine
1743 5390 1812 5442 ad
1830 5389 1920 5443 Dei
1938 5391 2072 5444 noti-

491 5465 612 5518 tiam
642 5464 962 5517 ascendatur.
991 5461 1130 5516 Deus
1150 5462 1241 5516 sibi
1267 5463 1358 5517 soli
1391 5472 1555 5515 notus.
1599 5460 1858 5527 Quatenus
1882 5460 2073 5514 homini

485 5537 783 5590 innotescat.
825 5535 960 5589 I'Icce
991 5534 1209 5588 Domine
1239 5534 1376 5586 Deus
1401 5548 1549 5604 mens
1575 5547 1801 5598 summe,
1833 5533 2075 5604 omnipo-

488 5607 806 5672 tentissime,
828 5607 1002 5661 inveni
1028 5607 1198 5660 locum
1223 5605 1310 5659 ubi
1337 5616 1388 5658 tu
1415 5603 1620 5658 habitas
1639 5623 1650 5658 :
1669 5605 1790 5674 quia
1822 5606 1870 5657 in
1897 5603 2073 5658 anima

553 5745 570 5774 ³
597 5752 702 5808 Mss.
730 5743 1320 5808 negiusetcolbertinus,
1345 5742 1438 5796 nisi
1480 5750 1530 5795 ut
1575 5742 1852 5798 discinctus.
1903 5745 2076 5796 Medar-

489 5804 672 5869 tlonsis.
697 5804 846 5882 neque
865 5807 1140 5862 discinctus.

1506 5973 1645 5996 ,‘T‘II'

1903 314 2242 378 APPENDIX

2139 446 2295 499 quam
2347 431 2539 502 creasti
2583 431 2649 486 ad
2697 432 2977 502 imaginem
3026 442 3081 488 et
3131 434 3538 494 similitudinem
3585 443 3716 492 tuam

2141 502 2286 572 (Gen.
2317 517 2354 568 ι,
2387 501 2501 574 27),
2531 518 2648 572 qua:
2673 513 2724 558 te
2761 501 2930 558 solum
2957 505 3147 574 quaerit
3177 515 3229 562 et
3252 508 3564 570 desiderat;
3605 509 3718 574 quia

2137 590 2240 628 non
2291 575 2342 648 in
2367 573 2473 648 _illa
2503 589 2621 648 qua:
2652 583 2704 628 te
2747 589 2853 628 non
2890 573 3083 648 thrit
3135 593 3233 632 nec
3273 579 3572 635 desiderat.
3617 573 3718 648 Ego

2136 643 2308 718 erravi
2337 644 2474 718 sicut
2499 644 2611 698 ovis
2641 659 2762 718 qua:
2792 646 2964 718 periit,
2991 663 3237 712 quazrens
3265 659 3316 705 te
3341 650 3608 714 exterius,
3635 643 3720 718 qui

2135 730 2194 770 es
2219 716 2472 787 interius;
2500 723 2553 770 et
2581 716 2803 769 multum
2836 716 3066 772 laboravi
3090 735 3335 787 qumrens
3356 731 3407 774 te
3434 729 3589 776 extra
3616 716 3716 786 me,

2136 795 2191 839 et
2221 796 2271 840 tu
2313 785 2517 840 habitas
2545 787 2594 840 in
2625 802 2728 852 me,
2757 787 2800 841 si
2832 797 3004 841 tamen
3037 785 3135 855 ego
3164 790 3471 846 desiderem
3508 801 3581 845 te.
3611 785 3718 844 Cir-

2135 857 2271 911 cuivi
2311 857 2452 911 vicos
2482 867 2534 932 et
2565 858 3031 932 plateasqcivitatis
3069 862 3223 930 hujus
3264 862 3452 932 mundi
3484 877 3718 932 quaerens

2138 938 2225 991 te;
2273 937 2326 1002 et
2349 943 2452 981 non
2478 929 2679 1002 iuveni,
2711 929 2833 1002 quia
2879 929 3016 984 male
3043 929 3346 1000 quairebam
3384 929 3541 1000 foris,
3585 932 3717 1002 quod

2137 1008 2251 1053 erat
2277 999 2435 1052 intus.
2478 998 2591 1052 Misi
2633 1000 2847 1054 nuntios
2875 1016 3024 1054 meos
3049 998 3238 1057 omnes
3265 1019 3462 1058 sensus
3487 998 3714 1059 este—rio-

2139 1083 2244 1143 res,
2287 1079 2344 1123 ut
2374 1084 2666 1143 quzererem
2703 1079 2799 1143 te;
2822 1081 2875 1125 et
2907 1087 3008 1125 non
3039 1073 3235 1142 inveni,
3265 1076 3385 1142 quia
3413 1076 3556 1129 male
3579 1090 3717 1143 qum-

2138 1139 2541 1216 rebam._Video
2582 1140 2745 1204 enim.
2789 1142 2880 1216 lux
2927 1157 3042 1197 mea
3093 1139 3236 1216 Deus
3278 1139 3368 1216 qui
3415 1139 3716 1200 illuminasti

2137 1227 2244 1276 me,
2278 1211 2398 1280 quia
2432 1211 2568 1266 male
2598 1222 2649 1286 te
2675 1228 2768 1286 per
2797 1213 2917 1286 illos
2932 1214 3246 1286 quaerebam
3267 1211 3440 1286 {quia
3474 1225 3531 1270 tu
3557 1231 3613 1272 es
3637 1218 3716 1270 in-

2137 1290 2240 1356 tus,
2279 1291 2332 1336 et
2372 1291 2546 1356 tamen
2597 1282 2732 1356 ipsi_
2745 1282 2888 1356 unde
2930 1285 3206 1340 intraveris
3247 1282 3607 1342 nesciverunt.
3643 1288 3718 1356 (α)

2135 1351 2267 1424 Nam
2294 1353 2432 1407 oculi
2473 1353 2672 1424 dicunt.
2702 1354 2756 1408 Si
2785 1353 3052 1408 coloratus
3083 1371 3187 1410 non
3213 1357 3330 1419 fuit,
3365 1373 3464 1424 per
3495 1373 3593 1412 nos
3614 1351 3713 1412 noti

2139 1423 2391 1487 intravit;
2422 1439 2594 1497 aures
2622 1423 2824 1497 dicunt,
2857 1425 2912 1497 Si
2943 1427 3173 1480 sonitum
3198 1444 3302 1482 non
3327 1423 3476 1494 fecit,
3499 1444 3592 1497 per
3621 1445 3716 1482 nos

2138 1509 2254 1569 non
2271 1494 2546 1559 transivit;
2571 1511 2754 1569 _nasus
2782 1496 2926 1561 dicit,
2962 1497 3016 1553 Si
3055 1511 3159 1552 non
3189 1499 3342 1565 oluit,
3371 1515 3471 1569 per
3501 1494 3585 1554 me
3610 1515 3714 1554 non

2136 1565 2314 1638 venit;
2340 1573 2524 1632 gustus
2553 1565 2700 1638 dicit,
2722 1567 2785 1638 _Si
2805 1583 2908 1638 non
2937 1570 3125 1637 sapuit,
3161 1586 3254 1638 per
3280 1565 3388 1626 me'
3423 1585 3531 1624 non
3557 1571 3718 1624 intro-

2140 1637 2472 1710 ivit;_tactus
2501 1637 2657 1710 etiam
2671 1636 2836 1704 addit,
2865 1637 2921 1693 Si
2946 1636 3290 1710 corpulentus
3317 1657 3424 1695 non
3458 1651 3560 1707 est,
3588 1641 3713 1697 nihil

2139 1722 2224 1761 me
2263 1707 2329 1761 de
2360 1707 2468 1778 hac,
2497 1723 2556 1763 re
2598 1707 2908 1778 interroges.
2943 1707 3056 1764 Non
3090 1710 3188 1764 ista
3231 1721 3361 1767 sunt
3396 1711 3450 1766 in
3480 1722 3547 1776 te,
3576 1711 3715 1767 Dens

2137 1792 2308 1832 meus.
2335 1777 2407 1847 (b)
2458 1777 2572 1832 Non
2619 1779 2760 1851 enim
2806 1777 3044 1849 speciem
3089 1783 3361 1851 corporis,
3412 1797 3505 1837 nec
3546 1782 3714 1838 decus

2139 1851 2429 1920 temporis,
2445 1863 2542 1903 nec
2568 1850 2854 1904 candorem
2887 1851 3018 1905 lucis
3055 1853 3136 1907 vel
3165 1850 3422 1916 colorem,
3446 1868 3548 1908 non
3583 1853 3705 1908 dulo

2139 1934 2228 1992 cies
2251 1919 2605 1974 inclodiarum
2635 1929 2819 1975 cantus
2848 1932 2901 1976 et
2941 1937 3289 1992 quaecumque
3327 1924 3480 1978 dulce
3517 1939 3712 1978 sonan-

2139 1991 2231 2054 tia,
2252 2006 2356 2044 non
2385 1992 2570 2062 Ilorum
2595 1998 2647 2044 et
2669 1991 3056 2062 unguentorum
3077 1994 3160 2048 vel
3181 1991 3480 2049 aromatum
3501 1994 3715 2062 odores,

2140 2076 2244 2115 non
2276 2062 2428 2115 mella
2460 2061 2541 2116 vel
2584 2061 2775 2115 manna
2811 2065 2985 2130 gustui
3011 2063 3364 2132 delectabilia,
3395 2081 3504 2120 non
3530 2061 3719 2121 caetera

2139 2147 2362 2201 quzeque
2405 2131 2468 2185 ad
2517 2133 2836 2201 tangendnm
2867 2135 2947 2190 vel
2992 2131 3401 2204 amplexandum
3453 2136 3717 2200 amabilia,

2141 2219 2237 2257 nec
2261 2204 2436 2256 omnia
2455 2204 2555 2256 alia
2574 2204 2910 2276 sensibushis
2927 2205 3158 2272 subjecta
3177 2223 3384 2276 (μηδι-θ,
3410 2223 3538 2262 cum
3561 2207 3720 2263 Deum

2141 2289 2316 2346 meum
2331 2289 2532 2346 quaero.
2550 2273 2701 2327 Absit
2715 2287 2762 2328 ut
2787 2277 2883 2330 ista
2896 2273 3211 2332 crediderim
3227 2279 3393 2332 Deum
3411 2294 3598 2333 meum
3615 2294 3722 2346 qua

2139 2345 2298 2416 etiam
2314 2360 2341 2397 a
2361 2345 2641 2416 brutalium
2655 2346 2899 2401 sensibus
2911 2347 3457 2416 comprehenduntur.
3473 2350 3542 2404 Et
3556 2345 3718 2405 tamen

2138 2429 2256 2491 cum
2284 2415 2446 2469 Deum
2465 2432 2639 2470 meum
2657 2431 2856 2491 quarro,
2875 2415 3056 2487 qutcro
3078 2418 3422 2474 nihilominus
3441 2421 3718 2491 quamdam

2140 2484 2333 2560 lncem_
2355 2502 2518 2554 sopor
2547 2484 2756 2540 omnem
2792 2484 2960 2542 lucem
2978 2531 2994 2555 ,
3023 2505 3180 2559 quam
3207 2506 3310 2545 non
3332 2484 3478 2560 cupii
3510 2492 3718 2554 oculus;

2141 2556 2422 2632 quamdam
2444 2572 2628 2632 vocem
2646 2573 2808 2632 super
2824 2556 3261 2628 utnuem'vocem,
3276 2556 3438 2632 quam
3462 2577 3575 2616 non
3591 2565 3721 2631 mpit

2141 2629 2312 2690 auris;
2341 2629 2624 2703 quetndum
2647 2629 3046 2703 odoremsnper
3063 2646 3274 2703 omnem
3294 2629 3550 2695 odorem,
3571 2629 3720 2703 quem

2144 2713 2245 2771 uou
2286 2699 2424 2766 capit
2465 2698 2640 2762 naris;
2687 2700 2969 2769 quemdam
2999 2701 3270 2758 dulcorcm
3311 2719 3477 2771 super
3507 2698 3718 2759 omnem

2142 2767 2435 2843 dulcorcm,
2481 2786 2636 2838 quem
2684 2767 2787 2824 non
2828 2773 2966 2840 sapit
3005 2785 3223 2841 gustus;
3275 2767 3568 2843 quemdam
3611 2791 3721 2830 am-

2144 2839 2352 2908 plexum
2401 2854 2561 2915 super
2599 2855 2823 2915 porticm
2844 2839 3172 2915 amplexum,
3205 2839 3362 2914 quom
3413 2860 3520 2898 non
3564 2848 3723 2915 tangit

2143 2916 2314 2984 tactus
2357 2911 2642 2984 exterioris
2687 2911 3082 2984 hominis'mei.
3130 2911 3235 2969 Ista
3272 2915 3360 2970 lus
3404 2914 3595 2984 fulget,
3640 2911 3721 2970 tibi

2145 2979 2291 3054 locus
2339 2996 2442 3054 non
2492 2982 2671 3054 capit;
2711 2983 2822 3054 ista
2863 2998 2963 3038 vox
3010 2993 3183 3053 sonat,
3227 2985 3315 3039 ubi
3367 2979 3590 3054 tempus
3625 3002 3722 3042 non

2143 3052 2315 3127 rapit;
2348 3050 2480 3127 odor
2499 3052 2606 3127 iste
2629 3053 2851 3118 redolet,
2876 3054 2962 3127 ubi
2982 3054 3148 3127 _Ilatus
3170 3050 3281 3111 non
3312 3050 3544 3127 spargit;
3567 3072 3724 3126 sapor

2147 3121 2246 3196 iste
2274 3123 2431 3196 sapit,
2461 3122 2547 3176 ubi
2589 3132 2820 3196 nonest
2845 3125 3112 3196 edacitas;
3159 3121 3577 3196 amplesus'iste
3609 3121 3726 3182 tan-

2145 3192 2306 3262 gitur,
2337 3192 2423 3246 ubi
2454 3207 2556 3246 non
2587 3193 2870 3247 divellitur.
2905 3195 2998 3250 llic
3025 3207 3107 3250 cst
3145 3192 3286 3252 Deus
3323 3214 3494 3262 meus,
3523 3207 3578 3252 et
3622 3215 3725 3253 non

2147 3263 2494 3318 mstimahitur
2530 3264 2664 3338 alius
2706 3265 2772 3338 ad
2813 3265 2992 3332 illum;
3039 3266 3141 3322 hoc
3167 3283 3350 3338 quaero
3393 3283 3510 3322 cum
3554 3269 3727 3324 Deum

2149 3349 2326 3404 meum
2377 3350 2586 3404 quacro,
2628 3335 2765 3390 istud
2813 3351 2932 3389 amo
2978 3351 3099 3392 cum
3135 3335 3303 3393 Deum
3348 3354 3516 3394 meum
3567 3355 3723 3395 amo.

2150 3403 2222 3476 (c)
2251 3403 2476 3460 Sero’te
2518 3405 2714 3470 amavi,
2761 3407 3095 3479 pulchritudo
3123 3417 3231 3463 tam
3262 3410 3460 3479 antiqua
3502 3417 3565 3479 et;
3601 3418 3717 3464 tam

2149 3490 2320 3550 nova;
2361 3490 2484 3530 sero
2527 3487 2578 3530 te
2598 3478 2778 3550 amavi
2809 3495 2820 3530 :
2852 3487 2906 3550 et
2935 3486 2988 3550 tu
3017 3479 3158 3550 intus
3187 3495 3328 3546 eras,
3355 3477 3406 3535 et
3425 3494 3522 3550 ego
3547 3477 3721 3544 loris;

2150 3555 2206 3621 et
2227 3547 2302 3621 ibi
2333 3559 2382 3621 te
2412 3548 2737 3621 qumrebam,
2766 3557 2821 3621 et
2864 3549 2916 3602 in
2961 3549 3059 3604 ista
3105 3549 3337 3605 formosa
3384 3547 3501 3621 quia
3547 3550 3728 3605 iecisti

2149 3616 2404 3691 deformis
2449 3617 2734 3691 irruebant.
2765 3618 2967 3691 Mecum
3005 3635 3146 3686 eras,
3190 3630 3243 3676 et
3270 3637 3370 3691 ego
3402 3616 3584 3676 iecum
3624 3635 3731 3676 non

2150 3703 2316 3743 eram.
2356 3687 2547 3762 Ea_m_c
2572 3689 2822 3762 tenebant
2849 3690 3004 3762 longe
3033 3707 3061 3746 a
3101 3701 3171 3755 te,
3205 3687 3328 3762 qua?
3357 3706 3479 3748 esse
3505 3708 3613 3746 non
3642 3707 3734 3762 po-

2152 3767 2326 3812 terant
2363 3759 2462 3811 nisi
2506 3759 2555 3811 in
2599 3767 2670 3813 te.
2701 3759 3054 3833 Circun't_i_bam
3080 3759 3236 3816 enim'
3261 3763 3441 3817 omnia
3484 3759 3733 3833 quaerens

2154 3839 2305 3902 te,Ae_t
2337 3837 2553 3902 propter
2573 3831 2747 3902 omnia
2776 3830 3149 3902 derelinquens
3169 3848 3276 3888 me.

2225 3897 2306 3971 (ά)
2349 3900 2668 3971 Interrogavi
2695 3910 2890 3956 terram
2917 3903 2960 3956 si
2986 3897 3126 3957 esset
3158 3904 3297 3962 Deus
3321 3917 3497 3967 meus,
3519 3915 3574 3959 et
3603 3905 3732 3958 dixit

2155 3969 2293 4044 mihi
2314 3969 2456 4040 quod
2490 3969 2631 4044 non;
2679 3980 2731 4026 et
2759 3974 2935 4026 omnia
2971 3988 3092 4044 qua:
3120 3975 3172 4028 in
3192 3989 3253 4029 ea
3284 3983 3430 4039 sunt,
3461 3975 3566 4030 hoc
3595 3977 3734 4030 idem

2155 4041 2397 4117 cunlessa
2427 4051 2567 4117 _sunt.
2598 4042 2919 4114 Interrogavi
2945 4041 3094 4099 mare
3119 4055 3173 4117 et
3209 4045 3456 4117 abyssos.
3489 4057 3544 4101 et
3573 4047 3738 4117 repti-

2157 4111 2226 4184 lja
2265 4127 2383 4182 qum
2426 4112 2477 4165 in
2507 4113 2585 4167 eis
2631 4111 2894 4178 sunt;'et
2935 4111 3364 4184 responderunt:
3396 4115 3516 4171 Non
3554 4111 3740 4173 sumus

2159 4183 2300 4258 Deus
2329 4189 2484 4247 tuus;
2517 4199 2696 4258 quaere
2725 4199 2885 4258 super
2915 4199 3012 4239 nos
3027 4183 3181 4241 eum.
3226 4185 3551 4258 Interrogavi
3587 4189 3740 4243 ﬂabi-

2160 4254 2238 4308 Ies
2256 4269 2446 4318 auras;
2476 4262 2530 4307 et
2551 4255 2720 4323 inquit
2746 4256 3025 4310 universus
3053 4272 3147 4312 aer
3169 4272 3290 4312 cum
3317 4254 3569 4312 omnibus
3601 4261 3741 4314 inco-

2159 4324 2224 4378 Iis
2263 4323 2417 4399 suis:
2459 4323 2679 4399 Fallitur
2720 4327 3112 4399 Anaximenes;
3163 4343 3269 4384 non
3313 4345 3431 4383 sum
3465 4345 3567 4399 ego
3600 4330 3738 4384 Deus

2162 4403 2302 4449 tuus.
2343 4395 2668 4464 Interrogavi
2709 4396 2922 4462 coelum,
2965 4398 3156 4463 solem,
3184 4400 3383 4465 lunam,
3427 4409 3485 4453 et
3503 4395 3739 4454 'stellas:

2161 4465 2344 4538 Neque
2389 4481 2487 4519 nos
2534 4481 2717 4521 sumus
2746 4467 2885 4522 Deus
2913 4477 3053 4534 tuus,
3085 4470 3344 4538 inquiunt.
3388 4470 3454 4524 Et
3482 4470 3596 4524 dixi
3629 4485 3739 4523 om-

2163 4537 2321 4591 nibus
2362 4552 2480 4606 quce
2524 4538 2869 4592 circumstant
2909 4538 3054 4593 fores
3093 4537 3268 4594 carnis
3310 4556 3484 4595 meae:
3525 4541 3741 4594 Dixistis

2165 4607 2292 4663 mihi
2321 4606 2387 4662 de
2427 4608 2534 4661 Deo
2561 4623 2680 4662 meo
2714 4609 2854 4678 quod
2904 4623 2998 4664 vos
3039 4625 3145 4665 non
3185 4611 3346 4675 estis;
3400 4610 3567 4666 dicite
3617 4610 3742 4666 mihi

2165 4678 2234 4749 de
2262 4679 2351 4749 illo
2377 4678 2592 4748 aliquid.
2619 4679 2686 4732 Et
2711 4680 3139 4736 exclamaverunt
3159 4695 3345 4736 omnes
3371 4695 3506 4737 voce
3535 4681 3740 4749 grandi,

2169 4748 2285 4822 [pse
2328 4748 2449 4822 fecit
2477 4764 2626 4822 _nosu
2659 4749 2980 4821 Interrogavi
3029 4752 3250 4822 proinde
3293 4753 3480 4806 mundi
3522 4748 3738 4815 molem,

2171 4819 2418 4892 Dicrmihi
2446 4820 2488 4874 si
2520 4835 2579 4874 es
2611 4821 2748 4875 Deus
2774 4819 2944 4887 meus,
2971 4819 3145 4877 an'non
3172 4843 3185 4878 :
3216 4831 3270 4877 et
3307 4825 3588 4892 respondit
3620 4837 3744 4874 voce

2170 4889 2313 4954 forti,
2342 4889 2456 4945 Non
2484 4907 2622 4952 sum,
2649 4892 2835 4962 inquit,
2859 4908 2986 4963 ego;
3025 4894 3117 4948 sed
3148 4909 3239 4963 per
3269 4889 3441 4963 ipsum
3469 4909 3588 4949 sum
3617 4906 3741 4962 ego;

2171 4976 2328 5034 quem
2356 4963 2550 5030 quaeris
2580 4963 2631 5016 in
2676 4979 2780 5027 me,
2807 4965 2919 5032 ipse
2949 4963 3073 5018 fecit
3103 4980 3220 5030 me;
3251 4980 3412 5034 super
3442 4981 3532 5020 me
3569 4976 3748 5033 qumre

2171 5033 2258 5102 qui
2288 5035 2422 5101 regit
2448 5035 2670 5105 me,qui
2718 5035 2840 5105 fecit
2869 5043 2921 5087 et
2960 5044 3030 5090 te.
3080 5033 3426 5105 Interrogatio
3475 5045 3746 5089 creatura-

2174 5119 2313 5170 rum,
2344 5104 2605 5176 prol‘unda
2629 5104 2986 5176 consideratio
3029 5106 3262 5176 ipsarum
3293 5104 3306 5159 Ξ
3338 5108 3620 5174 responsio
3660 5120 3747 5176 ea-

2174 5190 2328 5240 rum,
2378 5175 2648 5229 attestatio
2694 5175 2926 5246 ipsarum
2973 5175 3059 5230 de
3090 5177 3217 5239 Deo,
3265 5181 3520 5246 quoniam
3573 5175 3746 5228 onmia

2175 5246 2426 5316 clamant.
2459 5246 2600 5316 Deus
2627 5259 2725 5300 nos
2750 5245 2874 5300 fecit
2904 5263 2917 5299 :
2947 5249 3221 5316 quoniam,
3254 5245 3309 5300 ut
3338 5250 3410 5300 ait
3442 5247 3746 5316 Apostolus,

2176 5314 2457 5390 invisibilia
2488 5314 2578 5370 Dei
2607 5333 2698 5390 per
2719 5331 2778 5369 ea
2802 5333 2920 5390 quo:
2937 5314 3072 5390 facta
3101 5328 3234 5390 sunt,
3266 5336 3296 5370 η
3324 5314 3554 5372 creatura
3575 5314 3749 5368 mundi

2176 5384 2431 5459 iutgllectu
2453 5384 2830 5459 conspiciuntur
2857 5384 3029 5459 (Rom.
3057 5405 3095 5455 ι,
3122 5389 3236 5458 20).

2251 5457 2316 5512 Ει
2346 5457 2473 5512 redii
2510 5458 2574 5511 ad
2609 5472 2713 5525 me,
2745 5467 2802 5513 et
2845 5457 3030 5513 intravi
3064 5460 3115 5514 in
3156 5475 3274 5518 me:
3323 5469 3378 5515 et
3418 5461 3501 5512 aio
3537 5457 3605 5509 ad
3642 5468 3743 5514 me.

2181 5528 2257 5583 Tu
2303 5529 2418 5598 quis
2447 5543 2505 5583 es
2545 5528 2569 5582 ?
2614 5529 2677 5583 Et
2721 5529 2969 5600 respondi
3023 5530 3184 5596 mihi,
3235 5531 3404 5586 Homo
3454 5526 3743 5589 rationalis,

2263 5628 2314 5684 α)
2348 5620 2446 5684 vid.
2475 5621 2558 5669 lib.
2583 5621 2641 5670 10
2662 5621 2955 5671 confession.
2981 5634 3085 5684 cap.
3122 5621 3197 5672 10.

2267 5682 2313 5742 b)
2338 5689 2398 5731 lix
2421 5682 2502 5730 lib.
2526 5684 2584 5733 10
2604 5684 2893 5733 (ιυιιιιεδδίοη.
2918 5697 3022 5746 cap.
3039 5682 3091 5742 Β,
3107 5683 3351 5734 nonnullis
3363 5682 3558 5733 mutatis.

2244 5747 2313 5806 (c)
2333 5750 2393 5793 Ex
2420 5759 2490 5807 cal
2510 5748 2578 5794 ite
2598 5746 2655 5794 27
2677 5746 2783 5795 libri
2812 5747 2868 5795 10
2889 5745 3266 5794 confessionum.

2247 5807 2323 5874 (tl)
2350 5813 2410 5856 lix
2435 5821 2538 5873 cap.
2565 5808 2595 5858 6
2620 5809 2836 5872 ejusdem
2861 5808 2965 5860 libri
2995 5808 3049 5858 10
3068 5807 3444 5864 confessionum.
