3860 6366
69 285 168 345 897

70 424 146 480 ria
171 422 477 484 beatorum,
506 432 666 490 quam
692 417 875 490 videre
898 418 1003 473 vita
1027 427 1221 474 acterna
1251 427 1350 483 est,
1381 428 1437 474 et
1465 419 1648 474 laetitia

70 496 388 564 sempiterna
436 489 763 564 sanctorum.
803 489 1037 544 Lmtetur
1082 504 1208 557 ergo
1251 503 1348 564 cor
1378 505 1550 564 meum
1602 497 1657 564 ut

70 560 251 620 timeat
278 577 475 617 nomen
505 572 654 616 tuum
678 562 714 622 ί,
752 561 959 615 lzetetur
982 574 1075 614 cor
1094 560 1443 629 quaarentium
1476 561 1656 615 Domi-

72 651 217 701 num,
247 633 342 689 sed
370 633 543 687 multo
568 633 737 702 magis
762 645 856 686 cor
881 631 1281 702 invenientium.
1312 632 1368 685 Si
1393 631 1535 685 enim
1568 632 1658 702 lae-

74 707 178 759 titia
208 714 292 759 est
307 705 360 759 in
380 701 695 774 quacrendo,
718 702 885 774 qualis
908 701 1215 774 ltetitiacrit
1240 701 1290 774 in
1314 701 1657 774 inveniendo?

78 775 319 845 Quarum
349 771 480 843 ergo
505 788 720 845 semper
742 773 1061 845 ardenteret
1089 771 1449 845 indesinenter
1472 772 1657 827 faciem

63 842 235 909 tuam.
265 848 311 900 si
355 842 628 915 quomodo
659 843 870 897 tandem
912 842 1181 915 aperiatur
1208 842 1357 915 mihi
1385 845 1577 915 ostium
1608 851 1661 898 et

82 929 219 987 porta
246 912 485 987 iustitiae,
507 926 563 969 ut
584 917 776 987 intrcm
798 915 850 987 in
876 913 1127 987 gaudium
1154 912 1362 987 Domini
1388 915 1507 969 mei.
1535 914 1661 987 llaec

84 981 220 1058 porta
248 981 997 1058 Domiﬂgjusti_intrabuntitt
1019 999 1137 1039 eam
1168 981 1520 1058 (Psa_l.cxvn,
1542 984 1659 1058 20):

147 1057 371 1117 CAPUT
395 1055 666 1111 XXXVII.
703 1056 879 1109 Oratio
905 1056 974 1108 ad
1000 1054 1228 1109 sanetam
1273 1054 1585 1109 Trinitatem.
1617 1054 1662 1110 Ο

88 1136 185 1183 tres
206 1128 508 1198 coaequales
550 1136 605 1198 et
643 1134 1227 1198 coasternzepersonm,
1258 1125 1395 1179 Deus
1436 1134 1665 1198 unusiet

86 1214 249 1264 verus,
282 1196 442 1254 Pater
484 1206 542 1253 et
569 1197 734 1253 Filius
762 1207 816 1251 et
848 1196 1076 1266 Spiritus
1105 1205 1351 1256 sanctus.
1400 1197 1491 1264 qui
1517 1197 1663 1251 solus

88 1268 278 1325 habitas
323 1270 681 1324 aeteniitatem
728 1276 785 1324 et
841 1268 1015 1323 lucem
1062 1266 1519 1332 inaccessibilem;
1570 1268 1662 1338 qui

86 1338 296 1395 fundasti
330 1350 531 1395 terram
565 1340 618 1394 in
648 1338 880 1408 potentia
908 1348 1018 1402 tua,
1050 1349 1106 1393 et
1146 1338 1285 1408 regis
1314 1338 1500 1392 orbem
1532 1354 1661 1408 pru-

84 1408 271 1475 dentia;
305 1419 559 1475 sanctus,
584 1416 803 1465 sanctus
824 1450 837 1473 ,
869 1417 1083 1463 sanctus
1122 1408 1378 1462 Dominus
1408 1410 1547 1463 Deus
1574 1424 1663 1463 sa-

82 1480 245 1545 baoth,
275 1481 533 1536 terribilis
560 1489 617 1535 et
645 1480 817 1541 fortis,
842 1479 1014 1545 justus
1042 1488 1097 1535 et
1132 1480 1459 1546 misericors,
1488 1479 1657 1535 admio

78 1552 265 1619 rabilis,
298 1551 608 1617 laudabilis,
636 1550 915 1615 amabilis;
946 1565 1082 1605 unus
1104 1550 1264 1612 Deus,
1291 1559 1400 1604 tres
1420 1565 1665 1619 personze

74 1619 121 1692 in
142 1639 239 1677 una
251 1623 489 1677 essentia
510 1637 527 1686 ;
545 1624 802 1692 potentia,
828 1621 1107 1692 sapientia,
1132 1621 1357 1685 bonitas,
1382 1637 1484 1676 una
1506 1632 1560 1675 et
1589 1622 1669 1676 in-

69 1690 226 1750 divisa
268 1694 512 1749 Trinitas
539 1690 781 1761 {aperite
806 1692 827 1723 ³
853 1691 983 1746 mihi
1011 1692 1260 1747 clamanti
1295 1700 1474 1758 portas
1510 1692 1669 1761 justi-

62 1761 181 1829 ὕει,
210 1774 269 1821 et
313 1764 599 1835 ingressus
628 1763 679 1817 in
718 1762 1147 1835 eas-conﬁtebor
1188 1763 1434 1835 Domino.
1480 1763 1557 1817 En
1595 1762 1665 1818 ad

56 1838 256 1903 Quium
288 1832 464 1899 tuum,
491 1850 702 1889 summe
727 1833 885 1889 Pater
907 1832 1155 1903 familias.
1182 1833 1458 1888 mendicus
1482 1838 1656 1903 pulso.

64 1898 191 1964 lube
216 1906 426 1977 aperiri
447 1898 677 1976 pulsanti
695 1946 711 1973 ,
738 1904 828 1975 qui
856 1904 1036 1959 dixisti
1062 1945 1077 1971 ,
1105 1902 1321 1959 Pulsate
1340 1914 1386 1958 et
1406 1898 1664 1975 aperietur

128 2056 1668 2113 ‘nzecverbazwtetureraocormetanutts'meatnomeu

85 2120 651 2178 m,demtinlss.

141 2182 166 2213 3
190 2186 271 2229 Er.
294 2181 447 2243 Lugd.
470 2188 584 2230 Ven.
603 2188 730 2243 Lov.,
752 2179 913 2246 aperi.
992 2188 1051 2230 ιι.

912 278 1278 337 ADMONlTlO
1315 279 1381 337 IN
1420 280 1951 353 SUBSEQUENTES
1988 283 2507 343 MEDITATIONES.

2679 202 2752 223 Α

1753 422 1890 500 vobis
1919 424 1937 500 ς
1948 421 2234 500 Matth._v1t
2260 463 2272 486 ,
2303 423 2631 500 '_7)._I_’ul_sant
2659 426 2725 500 ad
2752 427 2944 483 ostium
2976 436 3123 485 tuum
3142 470 3160 494 ,
3187 440 3338 500 pater

1753 492 2264 568 miscricordissime,
2289 492 2551 568 desideria
2572 498 2888 567 rugientium
2914 492 3326 568 prmcordiorum

1757 577 2016 635 meorum,
2041 572 2095 618 et
2113 564 2373 635 clamores
2396 564 2746 635 lacrymarnm
2765 564 3039 625 oculorum
3063 586 3331 627 meorum.

1757 634 1895 687 Ante
1920 642 1970 687 te
1995 642 2076 687 est
2102 648 2263 711 omne
2286 634 2603 711 desiderium
2630 655 2827 711 meum,
2851 650 2904 695 et
2928 643 3156 711 gemitus
3179 657 3332 700 meus

1757 718 1797 783 ε
1818 711 1868 757 te
1898 720 2002 782 non
2046 712 2128 758 est
2171 705 2511 783 absconditus
2539 706 2707 778 (Psal.
2739 705 2956 783 xxxvii:
2992 712 3104 783 10).
3133 712 3199 767 Ει
3244 722 3298 769 tu
3318 756 3336 781 ,

1760 773 2004 850 Domine,
2026 790 2133 850 non
2164 788 2372 831 avertas
2403 773 2588 850 faciem
2612 788 2759 850 tuam
2790 773 3017 850 amplius
3046 773 3075 836 εἰ
3102 798 3208 849 me,
3237 773 3338 840 nec

1760 844 2075 920 declinesiu
2105 847 2180 900 ira
2211 861 2240 900 a
2271 861 2433 920 servo
2452 857 2539 902 luo
2571 848 2741 917 (Psal.
2772 844 2918 917 xxvi,
2948 852 3024 920 9).
3059 844 3217 907 Pater
3244 855 3343 909 mi-

1761 916 2167 970 scricordiarum
2192 960 2205 982 ,
2239 917 2357 993 audi
2389 916 2639 993 ejulatum
2670 922 2865 993 pupilli
2910 916 3017 987 tui,
3049 931 3102 977 et
3127 925 3344 993 porrige

1762 1000 1999 1059 manum“
2021 997 2163 1041 tuam
2202 990 2457 1059 optimam
2488 990 2802 1059 adjutricein
2823 1034 2836 1055 ,
2870 1001 2927 1046 ut
2954 990 3140 1047 trahat
3164 1010 3251 1048 me
3278 990 3346 1050 de

1762 1057 2037 1128 profundis
2074 1057 2327 1128 aquarum
2348 1102 2363 1126 ,
2394 1070 2447 1115 et
2480 1057 2564 1117 de'
2584 1061 2702 1117 lacu
2737 1062 2966 1117 miseriae
2990 1103 3005 1128 ,
3033 1071 3087 1117 et
3125 1064 3193 1117 de
3236 1064 3346 1120 luto

1764 1127 1909 1182 faecis
1933 1146 1944 1180 :
1970 1145 2037 1183 ne
2067 1127 2281 1198 peream
2311 1130 2521 1186 vidente
2547 1132 2909 1188 misericordia
2930 1134 3203 1188 oculorum
3230 1143 3347 1189 tuo-

1763 1213 1918 1264 rum,
1956 1200 2246 1275 aspicientc
2288 1201 2568 1275 clementia
2610 1204 2873 1275 viscerum
2917 1213 3127 1275 tuorum
3174 1201 3343 1275 (Psal.

1763 1284 1954 1334 χχχιχ,
1983 1271 2038 1341 5)
2063 1288 2076 1335 ;
2106 1271 2201 1326 sed
2219 1272 2441 1327 evadam
2466 1273 2533 1327 ad
2561 1282 2611 1329 te
2636 1274 2920 1329 Dominum
2951 1273 3119 1329 Deum
3141 1271 3341 1341 meum,

1765 1349 1824 1393 ut
1853 1341 2056 1395 videam
2097 1341 2305 1413 divitias
2333 1344 2484 1413 regni
2512 1344 2620 1407 tui,
2653 1355 2707 1399 et
2737 1345 2943 1400 intuear
2970 1346 3155 1400 faciem
3198 1354 3343 1399 tuam

1766 1426 1998 1479 semper,
2021 1422 2077 1467 et
2107 1412 2314 1468 laudem
2338 1412 2512 1469 dicam
2538 1414 2738 1470 nomini
2762 1427 2851 1471 tuo
2873 1425 3076 1481 sancto,
3105 1416 3345 1479 Domine,

1764 1482 1851 1557 qui
1878 1481 2008 1536 facis
2028 1483 2307 1557 mirabilia,
2340 1485 2549 1557 qui‘cor
2572 1501 2753 1541 meum
2780 1489 2959 1541 laetum
2986 1485 3115 1541 facis
3146 1500 3352 1557 memo-

1766 1552 1844 1624 ria
1871 1561 1979 1624 tua,
2011 1554 2099 1623 qui
2128 1552 2391 1609 illuminas
2425 1555 2755 1624 juventutem
2799 1572 3005 1622 meam,
3034 1564 3089 1611 et
3116 1572 3221 1610 non
3251 1556 3350 1611 de~

1766 1623 1927 1692 spicis
1948 1634 2275 1681 senectutem
2298 1623 2490 1691 meam,
2513 1626 2606 1681 sed
2629 1627 2857 1695 jubilare
2883 1626 3012 1681 facis
3029 1628 3205 1680 omnia
3226 1641 3349 1682 ossa

1767 1709 1916 1768 mea,
1931 1704 1984 1749 et
2001 1695 2402 1768 rejuvenescere
2424 1699 2440 1729 ¹
2464 1697 2594 1752 facis
2609 1706 2667 1751 ut
2681 1699 2870 1768 aquila:
2890 1712 3052 1753 canos
3075 1712 3222 1768 meos
3250 1696 3347 1767 (a).

1765 1763 1948 1837 Omnis
1969 1763 2157 1836 gloria,
2186 1768 2361 1821 omnis
2389 1768 2523 1830 laus,
2554 1763 2939 1830 ontnis'virtus,
2963 1766 3137 1822 omnis
3158 1763 3349 1837 poten-

1766 1834 1836 1908 tia
1862 1877 1877 1901 ,
1924 1834 2099 1892 omnis
2140 1838 2527 1908 magnificentia
2552 1880 2566 1903 ,
2608 1839 2781 1908 omnis
2820 1837 3124 1903 beatitudo,
3158 1834 3353 1892 “omnis

1762 1906 2043 2031 gementia
2085 1908 2157 1964 sit
2195 1906 2307 1965 Deo
2349 1910 2491 1964 Patri
2519 1918 2571 1965 et
2600 1907 2737 1965 Filio
2775 1917 2831 1965 et
2869 1908 3091 1980 Spiritui
3135 1916 3346 1964 sancto.

1811 1992 1956 2031 men.

1811 1992 1956 2033 men.

1827 2115 1844 2147 ι
1868 2116 1941 2165 sic
1966 2118 2046 2162 Ms.
2072 2115 2387 2167 Colbertinus.
2418 2121 2474 2166 At
2495 2113 2577 2165 alii
2604 2113 2732 2175 libri,
2756 2111 3059 2165 reviviscere.

1823 2176 1896 2240 (a)
1914 2183 1998 2231 Hic
2019 2179 2256 2231 clauditur
2280 2177 2405 2230 liber
2434 2179 2484 2227 in
2508 2185 2613 2228 Mss.

1177 2395 2223 2528 ADMONITIO

1030 2605 1112 2668 IN
1154 2604 1756 2681 SUBSEQUENTES
1796 2602 2423 2668 MEDITATIONES.

1618 2748 1881 2806 οκκιαο

156 2884 370 2941 Librum
414 2885 567 2941 hunc
608 2883 1006 2941 Meditationum
1032 2886 1171 2943 inter
1196 2901 1482 2958 germanos
1508 2887 1785 2958 Augustini
1827 2887 1965 2943 fetus
1993 2885 2046 2941 in
2079 2893 2223 2940 tomo
2248 2899 2390 2941 nono
2417 2882 2744 2955 reliquerunt
2766 2881 3147 2947 Lovanienses,
3178 2893 3364 2952 neque

101 2975 151 3031 de
178 2993 242 3033 eo
271 2977 690 3048 pronuntiarunt
729 2978 871 3033 aliud
892 3020 909 3046 ,
957 2994 1115 3049 quam
1148 2980 1199 3034 id
1229 2979 1369 3049 quod
1396 2989 1552 3036 antea
1589 2980 1839 3035 dubitans
1869 2979 2207 3047 incertusque
2246 2978 2503 3032 Erasmus
2540 2976 2730 3031 iisdem
2771 2974 2883 3031 fere
2908 2974 3088 3029 verbis
3123 2972 3366 3041 dixerat,

105 3069 349 3124 Auctorem
379 3070 634 3126 videlicet
658 3086 764 3125 esse
792 3070 871 3125 vel
892 3072 1251 3144 Augustinum,
1284 3074 1361 3129 vel
1383 3074 1470 3143 qui
1499 3075 1606 3144 ejus
1637 3073 1790 3129 libros
1813 3089 1917 3128 non
1943 3073 2264 3143 indiligenter
2293 3072 2430 3143 legit.
2464 3072 2769 3127 Bernardus
2797 3070 3091 3142 Vindingus
3120 3070 3366 3141 suspica-

105 3169 172 3215 tus
195 3170 275 3217 est
299 3163 367 3218 ab
394 3163 658 3219 Anselmo
701 3165 1069 3220 Cantuarieusi
1113 3164 1442 3237 profectum,
1490 3167 1771 3236 Augustini
1797 3174 1979 3221 autem
2008 3180 2114 3219 non
2145 3179 2266 3220 esse
2306 3165 2388 3218 his
2427 3164 2756 3235 argumentis
2792 3164 3193 3219 demonstravit.
3232 3164 3367 3220 Nam

106 3267 208 3322 cap.
232 3255 293 3311 51
327 3255 458 3310 dicit
482 3255 885 3311 Meditationum
907 3257 1136 3325 scriptor
1160 3258 1311 3328 ﬁdem
1336 3274 1484 3313 suam
1508 3257 1569 3311 ab
1589 3257 1714 3328 ipsis
1734 3257 2006 3311 enutritam
2026 3255 2310 3319 cunabulis,
2334 3264 2380 3312 et
2400 3255 2740 3310 illuminatam
2760 3270 2956 3323 semper
2977 3270 3066 3325 per
3085 3252 3371 3325 intelligen-

107 3344 210 3398 tim
232 3347 408 3417 gratiis
444 3346 651 3400 divinat.
681 3346 813 3401 Tum
840 3362 958 3417 cap.
988 3347 1057 3403 39
1086 3358 1139 3403 et
1163 3348 1253 3415 41,
1286 3348 1376 3403 ubi
1414 3363 1509 3403 sua
1540 3356 1757 3418 peccata
1788 3347 1981 3411 deﬂet,
2017 3346 2197 3401 multis
2225 3346 2438 3417 quidem
2468 3354 2525 3401 et
2563 3344 2812 3416 gravibus
2840 3353 2959 3416 post
3000 3344 3328 3415 Baptismum
3349 3386 3364 3411 ,

100 3440 180 3494 sed
211 3449 387 3496 tamen
412 3450 543 3496 ante
570 3440 897 3511 Baptismum
925 3442 1040 3497 solo
1078 3456 1137 3497 se
1174 3440 1415 3512 originali
1442 3450 1663 3512 peccato
1701 3440 1990 3511 obligatum
2027 3440 2193 3495 fuisse
2218 3439 2501 3510 significat.
2536 3438 2660 3493 Haec
2686 3453 2816 3494 vero
2841 3437 3062 3503 minime
3085 3439 3370 3497 convenire

98 3530 143 3586 in
175 3534 523 3602 Augustinum
543 3576 558 3601 ,
605 3549 763 3589 nemo
802 3545 884 3590 est
911 3534 1001 3605 qui
1029 3534 1439 3590 Confessionum
1483 3535 1649 3604 ipsius
1687 3534 1915 3604 cognitis
1944 3533 2094 3589 libris
2124 3533 2354 3603 ignoret.
2385 3533 2586 3587 Auctor
2610 3541 2868 3602 prmterea
2901 3531 3096 3600 passim
3132 3532 3371 3602 excerpit

97 3624 400 3678 sententias
432 3626 741 3695 Augustini,
788 3641 983 3697 easque
1012 3626 1279 3694 interdum
1310 3641 1417 3682 non
1446 3626 1683 3687 sinceras
1704 3667 1720 3694 ,
1761 3626 2013 3692 adhibet,
2060 3639 2159 3679 nec
2188 3640 2444 3695 germano
2472 3640 2655 3680 earum
2683 3639 2864 3679 sensu.
2896 3623 3143 3694 Exempli
3168 3625 3367 3694 gratia,

94 3714 221 3771 dixit
248 3718 572 3789 Augustinus
614 3718 737 3774 libri
768 3719 794 3772 1
828 3717 1071 3774 Confess.
1101 3718 1274 3789 capite
1308 3719 1371 3787 1,
1410 3717 1649 3773 Laudare
1691 3729 1738 3774 te
1778 3720 1884 3774 vult
1927 3718 2077 3772 homo
2125 3717 2297 3786 aliqua
2333 3717 2500 3787 portio
2542 3726 2787 3771 creaturae
2814 3725 2915 3771 tute
2941 3733 2961 3772 :
2988 3717 3074 3771 hic
3100 3727 3277 3773 autem
3315 3718 3370 3774 in

96 3805 493 3865 lleditatiouum
517 3809 694 3881 capite
719 3810 810 3877 33,
835 3808 1034 3865 Laudet
1059 3820 1105 3864 te
1127 3811 1275 3865 homo
1296 3826 1483 3881 magna
1503 3814 1676 3882 portio
1693 3822 1935 3868 creatura:
1960 3820 2077 3866 tute.
2107 3810 2173 3865 Et
2200 3810 2328 3865 illud
2359 3810 2480 3865 libri
2511 3810 2578 3865 l9.
2601 3810 2841 3867 Confess.
2867 3825 2985 3880 cap.
3014 3810 3102 3878 15,
3128 3809 3173 3865 0
3192 3811 3372 3868 domus

96 3900 335 3955 luninosa
351 3911 401 3955 et
416 3902 801 3971 speciosa,etc.,
823 3902 966 3973 quod
984 3902 1052 3957 ab
1072 3903 1369 3973 Augustino
1389 3903 1457 3958 de
1482 3906 1689 3960 caelesti
1716 3904 1929 3975 opiﬁcio
1948 3903 2145 3958 dictum
2174 3912 2277 3967 est,
2308 3902 2559 3957 transfert
2586 3903 2675 3958 ille
2702 3904 2754 3958 in
2779 3904 2951 3975 capite
2974 3903 3372 3961 Mcditationum

96 3990 153 4047 20
176 3992 246 4048 ad
271 3992 494 4050 domum
522 3994 617 4050 Dei
640 3995 991 4066 spiritualem,
1020 3996 1296 4051 beatorum
1326 3996 1529 4052 scilicet
1556 3998 1863 4063 societatem
1889 4037 1903 4062 ,
1949 4012 1976 4049 a
2008 4010 2109 4065 qua
2142 4010 2237 4064 pro
2275 4010 2333 4049 se
2362 3995 2507 4065 cupit
2533 3996 2700 4050 Deum
2732 3996 2893 4052 orari.
2920 3996 3185 4053 Mutuatur
3211 3999 3370 4053 etiam

98 4082 139 4137 in
167 4100 286 4156 cap.
316 4085 392 4140 22
415 4086 659 4157 quaedam
689 4102 718 4140 a
740 4078 1002 4157 Gregorio
1023 4103 1087 4143 ex
1115 4086 1332 4142 homilia
1362 4088 1429 4141 37
1463 4087 1515 4141 in
1546 4087 1912 4157 Evangelium,
1940 4095 1996 4140 ct
2027 4095 2281 4153 pra'terea
2307 4100 2370 4140 ex
2404 4086 2765 4141 ecclesiastico
2793 4085 2976 4143 Ofﬁcio
3004 4088 3163 4143 verba
3189 4103 3375 4159 quam-

99 4174 238 4236 Plura
279 4176 333 4232 in
372 4190 532 4247 capp.
563 4178 652 4243 14,
685 4177 775 4242 15,
809 4178 895 4243 17,
928 4177 1017 4246 27,
1050 4178 1139 4246 55,
1170 4179 1259 4244 55,
1292 4178 1381 4243 59,
1413 4188 1516 4233 etc.
1551 4178 1697 4249 llym1

1764 4194 1815 4232 m
1848 4192 1948 4247 pro
1977 4178 2149 4247 capite
2178 4177 2247 4232 ‘26
2278 4176 2467 4231 inserit
2495 4175 2562 4230 de
2592 4177 2761 4247 gloria
2795 4177 3059 4246 paradisi,
3087 4179 3177 4248 qui
3215 4179 3374 4234 Petro

101 4263 332 4324 Damiani
357 4269 520 4340 vulgo
551 4272 868 4342 assignatur.
900 4270 1136 4341 Denique
1163 4271 1286 4326 stilo
1327 4280 1380 4326 et
1409 4270 1730 4325 dictionibus
1757 4271 1919 4325 utitur
1949 4269 2133 4322 alienis
2165 4282 2383 4337 prorsus
2420 4268 2487 4321 ah
2518 4267 2835 4338 Augustino,
2870 4268 3029 4323 veluti
3062 4270 3375 4338 reciprocare

103 4370 189 4423 pro
228 4370 491 4431 repetere;
528 4362 716 4433 proles,
745 4361 940 4417 soboles
968 4370 1023 4416 et
1048 4362 1309 4431 pragenies
1338 4361 1545 4431 poetico
1567 4376 1735 4429 more,
1758 4375 1856 4431 pro
1883 4358 2021 4413 Filio
2050 4358 2177 4424 Dei;
2217 4357 2342 4413 item
2372 4357 2575 4437 gladius
2604 4357 2899 4424 materialis,
2932 4357 3201 4426 tumidare,
3233 4374 3373 4413 mor-

105 4446 284 4519 bitiae,
310 4462 416 4507 etc.
440 4452 614 4523 Atque
641 4452 757 4507 hac
782 4452 900 4522 plus
926 4451 1054 4508 satis
1080 4460 1256 4520 erant,
1283 4461 1342 4507 ut
1367 4453 1483 4507 istae
1497 4451 1867 4507 Meditationes
1892 4449 2325 4520 abjudicarentur
2344 4448 2661 4519 Augustino.

86 4591 94 4597 .
165 4540 314 4607 Quod
343 4544 659 4599 Auselmum
696 4551 933 4615 spectat,
978 4558 1046 4599 ex
1092 4543 1435 4601 Orationibus
1472 4560 1537 4600 ac
1566 4543 1997 4600 Meditationibus
2042 4544 2207 4614 ipsius
2246 4544 2460 4599 nomine
2494 4542 2721 4615 vulgatis
2754 4543 3093 4599 continentur
3117 4542 3221 4600 hoc
3240 4544 3377 4601 libro

112 4643 210 4688 non
231 4650 431 4704 pauca,
457 4636 663 4693 scilicet
689 4638 743 4692 in
772 4646 999 4709 quatuor
1026 4638 1289 4709 capitibus
1318 4638 1579 4708 prioribus
1604 4637 1787 4694 Oratio
1813 4637 2054 4703 decima;
2089 4637 2140 4690 in
2171 4637 2291 4691 aliis
2317 4646 2544 4707 quatuor
2574 4636 2814 4707 proxime
2836 4638 3201 4707 sequentibus,
3217 4638 3269 4693 id
3296 4648 3380 4695 est

117 4730 163 4784 in
185 4734 233 4799 5,
261 4738 315 4803 6,
348 4738 382 4791 7
414 4746 467 4793 et
500 4737 566 4803 8,
599 4736 783 4794 Oratio
806 4735 1039 4792 secunda
1064 4754 1079 4791 :
1101 4743 1287 4806 quarta
1314 4735 1518 4791 decima
1552 4735 1603 4789 in
1634 4736 1805 4805 capite
1836 4749 2011 4799 nono;
2057 4734 2107 4787 in
2148 4732 2357 4787 decimo
2386 4732 2636 4802 vigesima
2683 4731 2872 4801 prima.
2907 4730 3163 4786 Nonnihil
3192 4741 3377 4803 postea

122 4823 457 4888 Meditationis
480 4831 548 4888 18
575 4832 628 4886 in
658 4829 832 4901 capite
858 4830 927 4886 18
953 4829 1217 4897 occurrit,
1253 4837 1309 4885 et
1333 4806 1484 4899 pluia
1507 4828 1697 4884 Medita

1761 4829 1864 4883 )nis
1894 4828 1960 4882 M
1986 4827 2036 4881 in
2062 4842 2215 4897 capp.
2243 4826 2335 4890 22,
2362 4826 2456 4893 25,
2483 4825 2554 4880 29
2582 4834 2636 4881 et
2658 4825 2747 4881 30.
2779 4825 3009 4880 Rursum
3032 4824 3087 4880 in
3110 4826 3283 4896 capite
3312 4826 3380 4880 54

125 4918 282 4979 Oratio
304 4926 540 4981 Anselmi
568 4925 774 4995 quinta,
804 4922 1010 4979 decima
1042 4923 1266 4993 septima
1306 4923 1361 4977 in
1386 4923 1486 4987 35,
1514 4922 1721 4978 decima
1749 4930 1898 4977 sexta
1941 4921 1993 4975 in
2040 4920 2139 4986 36,
2188 4919 2390 4974 decima
2421 4930 2607 4974 octava
2636 4927 2689 4973 et
2718 4916 2923 4972 decima
2951 4933 3089 4973 nona
3119 4918 3170 4972 in
3197 4918 3286 4984 37,
3318 4932 3381 4972 ac

130 5011 313 5069 laudem
348 5017 402 5071 in
438 5015 615 5086 capite
647 5015 709 5069 41
744 5013 997 5084 vigesima
1028 5013 1168 5069 illius
1195 5012 1379 5069 Oratio
1417 5013 1717 5069 exhibetur.
1750 5013 2003 5067 Mittimus
2034 5012 2345 5077 sententias,
2374 5025 2505 5081 quas
2530 5011 2769 5081 reperire
2794 5018 2876 5065 est
2904 5009 2991 5066 hic
3018 5010 3179 5082 capiti
3207 5010 3277 5067 39
3300 5012 3382 5066 in-

136 5111 315 5167 ‘Persas
336 5121 402 5161 ex
424 5105 666 5176 ejusdem
681 5104 978 5176 Proslogio,
1005 5120 1072 5159 ex
1087 5103 1515 5160 Meditationibus
1538 5104 1602 5171 2,
1631 5105 1667 5160 3
1690 5114 1745 5159 et
1775 5104 1862 5170 11,
1892 5119 1957 5158 ex
1985 5100 2237 5159 Oratione
2263 5103 2317 5166 4,
2346 5110 2401 5157 et
2426 5118 2488 5157 ex
2516 5101 2770 5157 Oratione
2796 5101 2883 5157 62.

190 5193 439 5253 Caeterum
464 5196 597 5252 nihil
622 5196 918 5260 obstamus,
963 5197 1247 5266 quominus
1280 5210 1461 5250 earum
1485 5237 1499 5261 ,
1546 5211 1677 5265 quas
1712 5195 1871 5249 modo
1914 5194 2309 5259 recensuimus,
2338 5192 2651 5247 Orationum
2683 5180 2920 5248 Anselmi
2944 5192 3057 5249 sive
3081 5192 3381 5248 Meditatio-

144 5296 265 5357 nun,
298 5290 594 5346 habeantur
618 5288 790 5353 dubia:
829 5287 1073 5359 quaedam
1098 5297 1153 5343 et
1182 5288 1399 5343 incerta:
1418 5328 1432 5352 ,
1476 5288 1771 5357 praesertim
1812 5302 1941 5341 vero
1966 5287 2010 5342 si
2038 5302 2158 5357 qua:
2184 5293 2305 5340 sunt
2331 5300 2398 5340 ex
2428 5284 2694 5340 variorum
2720 5292 2993 5339 auctorum
3023 5284 3227 5339 laciniis
3256 5298 3385 5340 con-

82 5440 83 5451 χ
151 5379 399 5436 “tanta.
425 5378 732 5448 Quinetiam
756 5378 1094 5434 considerato
1121 5378 1287 5434 veteri
1314 5378 1498 5433 codice
1525 5378 1753 5447 qundam
1791 5393 1857 5434 ex
1896 5378 1953 5433 S.
1983 5377 2241 5447 Arnnlphi
2280 5377 2489 5431 ahbatia
2516 5376 2779 5443 Mettensi,
2808 5376 2873 5432 de
2901 5392 3006 5447 quo
3038 5379 3092 5431 in
3126 5375 3374 5432 Veterum

82 5464 83 5467 X
157 5464 479 5529 Analmtorum
510 5482 654 5527 tomo
684 5473 745 5529 1ε
770 5486 887 5541 pag.
921 5472 1045 5536 161,
1075 5471 1228 5527 facile
1258 5472 1578 5525 arbitramur
1604 5472 1786 5526 isdnec
1818 5473 2189 5541 subsequentis
2217 5471 2336 5526 hhri
2368 5471 2540 5540 capita
2570 5472 2756 5541 viginti
2782 5479 3027 5541 quatuor,
3054 5470 3139 5535 l2,
3170 5473 3257 5536 15,
3288 5473 3377 5539 11,

162 5556 215 5624 i5.
234 5566 314 5631 ιθ,
347 5568 434 5631 n.
463 5566 553 5631 is,
588 5564 787 5629 19.30,
815 5564 907 5631 ει,
934 5563 1025 5632 22,
1053 5565 1144 5632 εδ,
1171 5565 1260 5630 ei,
1293 5566 1384 5631 ~25,
1412 5566 1500 5631 27,
1528 5566 1620 5633 28,
1647 5565 1697 5620 εξ

1767 5567 1854 5628 50,
1885 5566 1970 5623 Si.
2002 5566 2090 5626 32,
2113 5565 2202 5627 55,
2236 5565 2322 5627 35,
2354 5564 2421 5618 36
2450 5573 2503 5618 et
2529 5565 2619 5631 37,
2652 5565 2873 5620 Joannis
2901 5580 3043 5631 esse,
3074 5564 3279 5618 abbatis
3308 5566 3383 5620 uti

163 5660 342 5715 εῐαιίιυτ
367 5658 783 5722 Fiscamucnsis,
813 5657 904 5727 qui
930 5673 1071 5712 anno
1100 5658 1237 5713 H78
1257 5658 1397 5714 diem
1425 5658 1576 5725 obiit,
1610 5658 1864 5713 Anselmo
1885 5658 2074 5713 abbate
2102 5667 2227 5711 tunc
2251 5656 2505 5725 temporis
2537 5656 2806 5712 Bcccensi.
2841 5656 2972 5711 Nam
3000 5656 3274 5711 Mettensis
3297 5658 3382 5711 illa

167 5750 304 5823 Mes,
331 5752 482 5823 cujus
511 5749 773 5820 scriptura
811 5749 1049 5821 ejusdem
1075 5750 1293 5807 Joannis
1336 5760 1545 5809 aetatem
1582 5751 1807 5821 redolet,
1839 5750 2072 5808 libellum
2095 5758 2441 5823 repraesentat
2468 5751 2729 5825 capitibus
2755 5749 2941 5821 viginti
2971 5760 3199 5824 quatuor
3224 5767 3387 5831 supra
