3860 6366
483 418 589 475 015

482 532 638 586 beate
663 528 859 593 vivere,
890 528 1012 596 quia
1043 534 1129 580 tua
1152 522 1423 596 beatitudo
1452 529 1613 596 lues.
1644 516 1900 596 Crehtura
1940 529 2068 570 vero

486 611 597 668 tua,
616 602 708 671 cui
737 607 821 654 est
847 591 989 653 aliud
1018 598 1216 671 vivere,
1246 604 1308 671 et_
1339 592 1481 671 aliud
1506 592 1660 671 beate
1684 591 1881 671 vivere,
1907 601 2070 671 omne

484 661 629 743 quod
648 671 803 743 vivit,
834 678 888 723 et
914 668 1054 739 quod
1085 669 1235 722 beate
1262 664 1411 730 vivit,
1443 677 1547 743 non
1575 661 1738 743 debet
1761 661 1860 714 nisi
1882 661 2069 743 gratia;

487 731 609 797 (me.
642 742 709 796 Et
742 731 861 795 ideo
901 731 997 795 nos
1027 752 1260 808 egemus
1280 745 1352 808 te,
1385 748 1488 808 non
1521 741 1575 808 tu
1618 731 1771 785 nobis
1810 746 1826 808 _:
1870 731 1993 808 quia
2025 731 2068 781 si

484 813 705 868 omnino
748 826 853 866 non
892 799 1152 874 essemus,
1194 799 1463 861 nihiltibi
1512 802 1723 859 deesset
1759 801 1824 855 ad
1870 799 2067 874 bonum

485 883 625 952 quod
658 892 712 937 ιιι
742 897 819 937 es.
849 880 965 952 Tibi
982 868 1172 952 Aitaque
1203 876 1429 931 Domino
1452 883 1633 952 nostro
1654 887 1866 940 semper
1889 868 2070 952 adlue-

487 939 608 1009 rcre
650 966 869 1007 necesse
910 939 1189 1013 habemus,
1235 956 1294 1003 ut
1340 961 1432 1015 per
1473 939 1785 1015 continuum
1813 939 2068 1015 auxilium

523 1024 669 1100 ralia:
700 1033 802 1100 tua;
831 1030 1013 1100 sancte
1050 1029 1106 1100 et
1152 1011 1238 1100 pie
1284 1011 1354 1099 et'
1379 1023 1522 1100 recte
1567 1013 1746 1100 vivere
1776 1011 2065 1100 valeathrs.

523 1039 669 1079 ratue
700 1039 802 1079 ῑυὶἰὶ
831 1039 1013 1075 διιιιειο
1052 1039 1106 1075 8|.
1153 1039 1238 1100 Ple
1284 1039 1341 1099 (ξι
1380 1039 1522 1071 reue
1569 1039 1746 1068 VIVCI‘C
1779 1039 2065 1090 vatuauuue.

483 1039 729 1148 f’ondere
754 1091 1011 1160 siquidem
1049 1089 1345 1160 fragilitatis
1381 1095 1579 1161 nostra:
1619 1082 1867 1138 deorsum
1904 1079 2070 1161 trahi-

485 1179 638 1230 mur;
683 1149 831 1217 dono
853 1171 1028 1216 autem
1072 1149 1657 1232 tuB_accettdimur,_et
1695 1149 2065 1232 sursumferi-

485 1226 641 1298 mur;
670 1232 1075 1297 inardescimus,
1108 1230 1345 1288 etimus:
1369 1226 1707 1298 ascendimus
1726 1226 2068 1298 aseensiones

485 1305 539 1359 in
566 1292 747 1367 corde,
790 1310 845 1356 et
888 1292 1165 1356 cantamus
1203 1298 1465 1353 canticum
1492 1294 1770 1367 graduum.
1800 1292 1924 1363 Igne
1952 1299 2065 1367 tuo,

485 1375 607 1440 igne
620 1383 710 1431 tuo
725 1361 865 1427 bono
886 1372 1284 1433 iuardescimus,
1304 1378 1357 1422 et
1377 1361 1531 1421 imus.
1550 1365 1787 1440 Quojam
1806 1361 2015 1440 sursum
2048 1361 2064 1390 ⁸

488 1432 658 1499 inuis?
687 1443 767 1499 Ad
836 1457 1018 1514 pacem
1075 1432 1371 1514 Jerusalem
1409 1454 1429 1514 :_
1465 1432 1712 1514 quoniam
1740 1432 2069 1514 jucttntittitts

438 1552 441 1553 ν
490 1531 600 1570 sum
622 1515 675 1568 in
704 1515 782 1568 his
804 1501 918 1583 qua:
938 1512 1073 1566 dicta
1096 1520 1215 1583 sunt
1241 1508 1385 1583 mihi,
1410 1508 1465 1561 in
1482 1501 1694 1583 :domum
1728 1501 1932 1583 Domini
1968 1501 2066 1583 ibi-

482 1602 597 1641 mus
622 1571 1069 1657 (Psai._'t_:utt,__1).
1094 1581 1218 1657 Illic_
1240 1571 1521 1657 collocavit
1556 1590 1654 1630 nos
1684 1577 1947 1657 voluntas.
1968 1571 2069 1652 bo-

484 1671 575 1723 na,
604 1644 661 1710 tit
712 1654 842 1713 nihil
892 1644 1118 1708 velimus
1153 1649 1295 1706 aliud
1324 1664 1482 1721 quam
1510 1659 1825 1717 permanere
1874 1644 1983 1698 illic
2014 1644 2067 1697 in

424 1737 428 1742 ’
480 1735 761 1781 aeternum.

555 1816 661 1873 Sed
706 1816 827 1885 quia
866 1815 992 1871 dum
1040 1827 1223 1869 sumus
1249 1813 1301 1867 in
1333 1824 1577 1885 corpore,
1619 1806 2067 1885 peregrinamura

483 1896 538 1942 te
569 1880 787 1959 (near.
818 1902 871 1952 v,
903 1886 982 1958 6),
1013 1884 1261 1959 Domine;
1309 1898 1413 1959 non
1429 1880 1700 1959 habemus
1726 1880 2069 1959 lh_i_c.manen-

483 1946 591 2011 teni
618 1946 908 2021 civitatem,
939 1946 1047 2011 'sed
1092 1954 1318 2008 futuram
1366 1951 1682 2021 inquirimus
1721 1946 1902 2019 (llcbr.
1948 1962 2065 2021 stu,

483 2025 599 2099 16),
646 2036 829 2082 noster
868 2017 1454 2099 a'utem_muni_c_ipat_us'
1488 2017 1870 2099 in__cmlis__est
1900 2036 1913 2073 :
1948 2017 2067 2099 ideo

483 2089 620 2179 duce
643 2099 810 2179 gratia
838 2108 933 2179 tua
953 2096 1029 2179 (α)
1061 2089 1329 2165 ingredior
1364 2093 1415 2147 in
1447 2092 1622 2179 culule
1651 2090 1826 2179 cordis
1853 2089 1996 2179 mei,
2015 2096 2069 2179 et

483 2163 763 2223 cauto'tibi
799 2163 1053 2222 amatoria
1075 2206 1090 2230 ,
1119 2163 1212 2220 rex
1238 2179 1386 2219 meus
1415 2172 1468 2217 et
1492 2163 1630 2217 Deus
1649 2175 1819 2227 meus,
1847 2172 2068 2230 gemens

486 2240 872 2295 inenarrabiles
915 2238 1143 2308 gemitus
1188 2236 1239 2290 in
1286 2235 1406 2308 loco
1443 2232 2066 2308 peregrinationisninee

483 2308 654 2381 (Paul.
683 2324 869 2381 cxvtn,
891 2300 1123 2381 575),_ubi
1151 2300 1624 2381 cantabiles'factie
1660 2311 1783 2357 sunt
1822 2300 1949 2381 mihi
1976 2300 2065 2380 jn-

482 2373 830 2435 stiticationes
860 2373 986 2433 tute.
1016 2377 1082 2432 Et
1108 2374 1396 2430 recordans
1423 2373 1738 2435 Jerusalem,
1769 2379 1985 2426 extento
2013 2373 2063 2422 in

483 2465 605 2505 eam
635 2465 846 2504 sursum
886 2447 1069 2514 corde,
1095 2445 1397 2501 Jerusalem
1429 2446 1648 2513 patriam
1677 2455 1870 2505 meam,
1908 2440 2066 2495 Jeru-

483 2522 650 2574 salem
680 2529 903 2573 matrem
944 2518 1140 2581 meam,
1188 2524 1347 2584 thue
1374 2528 1535 2585 super
1559 2528 1675 2566 eam
1707 2518 2063 2580 regnatorem,

484 2590 886 2654 illustratorem,
917 2598 1143 2658 patrem,
1170 2594 1422 2658 tutorem,
1451 2591 1755 2658 patronum,
1778 2590 2062 2658 rectorem,

483 2670 774 2729 pastorem,
802 2651 985 2729 castas
1001 2667 1055 2711 et
1078 2656 1246 2729 fortes
1271 2651 1509 2729 delicias,
1538 2652 1764 2729 solidum
1794 2651 2063 2729 gaudium,

484 2722 545 2785 ot
583 2722 769 2785 omnia
808 2731 945 2785 bona
975 2725 1279 2790 inetl'abilia,
1320 2724 1477 2780 simul
1507 2724 1707 2788 omnia,
1747 2722 1869 2792 quia
1903 2736 2067 2792 unum

483 2816 750 2855 summum
778 2808 833 2855 et
860 2813 1043 2853 verum
1073 2799 1268 2853 bonum
1296 2813 1311 2850 :
1339 2803 1395 2851 et
1424 2809 1528 2848 uon
1554 2791 1783 2857 avertar,
1814 2791 1986 2846 donec
2012 2791 2065 2846 in

483 2872 601 2939 ejus
624 2886 807 2942 pacem
826 2869 1013 2942 matris
1034 2866 1502 2942 charissimat,_ubi
1530 2863 1935 2942 suut__primitia:
1959 2861 2069 2942 spis

486 2933 776 3006 ritus'mei,
802 2939 1023 3008 colligas
1063 2947 1231 2993 totum
1264 2936 1407 3006 quod
1433 2951 1549 2991 sum
1580 2950 1609 2988 a
1639 2933 1973 3008 dispersione
2011 2939 2068 3008 et

484 3002 820 3066 deformitate
870 3002 990 3075 hac,
1044 3018 1102 3064 ct
1147 3002 1450 3063 conformes
1496 3014 1655 3075 atque
1690 3002 1976 3059 cenlirmes
2012 3003 2067 3058 in

485 3090 765 3145 a-ternum,
798 3081 937 3136 Deus
967 3095 1119 3135 meus
1142 3077 1506 3135 misericordia
1535 3092 1674 3131 mea.

556 3174 780 3232 CAPUT
810 3173 956 3229 XIX.
989 3171 1188 3227 Domus
1226 3170 1322 3225 Dei
1368 3179 1534 3225 creata
1570 3168 1836 3240 sapientia.
1858 3168 1990 3240 Ejus
2006 3167 2071 3222 ab

485 3249 709 3300 increata
750 3245 1023 3299 distinctio.
1065 3242 1131 3297 In
1159 3258 1218 3297 ea
1250 3242 1502 3312 quomodo
1539 3249 1910 3312 non__tempus._
1944 3239 2071 3309 Ipsa

486 3317 735 3386 quomodo
758 3316 937 3371 coelum
961 3315 1091 3369 arti.
1120 3312 1216 3368 Dei
1243 3310 1517 3386 (inmites.
1545 3310 1766 3386 (b)_ll:n_c
1779 3310 2072 3386 estdomus

488 3382 599 3455 tua,
628 3388 788 3451 Deus,
824 3402 927 3440 non
955 3395 1185 3450 terrena,
1215 3399 1387 3453 neque
1409 3383 1519 3455 ulla
1545 3382 1916 3455 cmlestimole
1945 3395 2069 3437 cor-

489 3452 651 3528 porea
676 3500 689 3521 ,
729 3458 825 3514 sed
860 3457 1248 3528 spiritualis_et
1286 3452 1551 3523 particeps
1570 3452 1895 3528 internitatis
1926 3460 2028 3528 tua;
2050 3494 2067 3519 ,

489 3521 613 3601 quia
642 3530 758 3601 sine
788 3521 927 3601 laltég
938 3535 1123 3601 manet
1166 3525 1218 3579 in
1249 3521 1528 3601 :eternum.
1559 3521 1805 3601 _Statuisti
1850 3537 1968 3577 eam
2016 3523 2068 3578 in

492 3594 743 3655 sarculum
774 3599 973 3661 smculi,
1002 3604 1326 3668 praeceptum
1353 3594 1598 3668 posuis_t_i,_
1621 3602 1676 3668 e_t
1700 3606 1804 3646 non
1849 3602 2071 3662 praeter-

490 3672 588 3724 ibit
608 3669 778 3738 (Psal.
806 3662 1021 3732 chvut,
1049 3662 1272 3738 6)._Nou
1315 3662 1490 3738 tamen
1508 3662 1608 3738 tibi
1638 3663 1748 3738 Deo
1782 3670 2068 3738 comtcrna,

491 3733 625 3806 quia
647 3755 752 3792 non
773 3739 888 3792 sine
916 3733 1101 3801 initio';
1126 3736 1368 3806 factaest
1386 3736 1549 3806 enim.
1565 3733 1729 3806 _Prior
1742 3734 1938 3806 quippe
1958 3748 2073 3788 om-

494 3804 638 3864 nium
661 3817 838 3863 creata
867 3818 948 3861 est
975 3805 1231 3875 sapientia
1259 3804 1445 3871 (Eccli.
1473 3818 1519 3869 ι,
1549 3804 1626 3873 4);
1659 3818 1763 3857 non
1802 3804 1981 3873 utique
2017 3814 2072 3859 tu

494 3882 581 3934 illa
627 3877 894 3948 Sapientia
939 3878 1080 3932 Patri
1113 3877 1221 3930 Deo
1260 3876 1413 3948 plane
1438 3882 1785 3948 conaterna_e_t
1832 3875 2068 3948 mqualis,

496 3967 591 4019 per
616 3944 774 4020 quam
802 3958 978 4020 creata
1004 3957 1130 4001 sunt
1152 3946 1349 4020 omnia,
1385 3953 1439 4000 et
1465 3946 1524 4020 in
1544 3960 1650 4014 quo
1677 3944 1954 4020 _Prineipio
1990 3946 2073 3999 fa-

494 4014 739 4075 ctum'est
758 4019 955 4075 cadum
985 4028 1037 4073 et
1065 4027 1203 4072 terra
1233 4014 1385 4087 (Gen.
1408 4032 1447 4080 ι,
1481 4015 1570 4086 1):
1600 4014 1695 4070 sed
1727 4014 1965 4087 profecto
1984 4032 2074 4071 sa-

498 4092 690 4160 pientia
716 4106 834 4159 qua-
863 4097 1039 4144 creata
1065 4096 1169 4160 est,
1195 4086 1483 4160 spiritualis
1510 4086 1936 4160 natura‘scilicet,
1957 4103 2075 4157 quae

496 4156 944 4230 contemplatione
971 4158 1185 4214 luminis
1231 4158 1408 4230 lumen
1451 4156 1803 4230 est;_dicitur
1837 4156 1988 4230 enim
2022 4166 2077 4214 et

497 4234 632 4301 ipsa,
658 4226 899 4301 quamvis
936 4238 1133 4301 creata,
1171 4228 1447 4301 sapientia.
1487 4226 1591 4282 Sed
1626 4234 1889 4301 quantum;
1916 4229 2078 4284 distat

500 4298 637 4358 inter
663 4298 842 4357 lumen
886 4300 1213 4365 illuminans,
1243 4298 1510 4370 et_lumen
1533 4298 1679 4370 quod
1727 4298 2073 4362 illuminatur,

501 4384 702 4429 tantum
728 4374 906 4428 differt
925 4376 1061 4426 inter
1086 4378 1137 4426 te
1156 4368 1416 4426 summam
1433 4368 1746 4434 sapientiam
1767 4384 1886 4439 qua:
1903 4385 2074 4436 creas,

501 4457 557 4500 et
577 4446 729 4500 istam
759 4459 877 4514 qua:
902 4453 1081 4514 creata
1125 4450 1239 4503 est;
1272 4441 1407 4497 sicut
1436 4439 1852 4514 inter_jus_ti_tiam
1878 4439 2076 4514 justifi—

499 4525 731 4592 eautcm,
763 4510 880 4592 qum
904 4523 979 4578 tu,
1007 4512 1375 4592 Deusnuoster,
1399 4526 1481 4576 es,
1507 4519 1561 4563 et
1574 4510 1838 4592 justitiam.
1858 4526 1977 4592 quae
1990 4510 2079 4592 ju-

500 4579 813 4640 stiticatione
840 4584 972 4638 facta
999 4592 1101 4637 est.
1129 4580 1260 4636 Nam
1289 4591 1344 4636 et
1369 4594 1465 4635 nos
1490 4594 1672 4634 smnus
1714 4579 1840 4633 dicti
1875 4579 2078 4648 justitia

503 4656 600 4710 Dei
627 4655 798 4709 Patris
822 4654 874 4708 iu
901 4663 954 4709 ι)
980 4653 1117 4708 Filio
1157 4651 1274 4720 ejus
1312 4650 1536 4706 Domino
1572 4650 1841 4720 nostro(ll
1872 4650 1988 4704 Cor.
2020 4668 2075 4720 ν,

498 4724 615 4794 21).
645 4732 872 4794 testante
894 4721 1172 4794 Apostolo.
1204 4721 1346 4794 Ergo
1371 4720 1491 4790 quia
1511 4719 1655 4790 prior
1670 4720 1905 4794 ominum
1926 4737 2079 4794 crea-

501 4804 555 4847 ta
575 4789 678 4848 'est
722 4789 961 4864 quaedam
993 4790 1252 4864 sapientia
1280 4789 1604 4864 quaecreata
1624 4798 1705 4844 est
1722 4789 1906 4864 (Decii.
1938 4808 1975 4854 r,
1999 4790 2077 4864 4),

500 4878 657 4919 mens
685 4860 956 4917 rationalis
997 4870 1053 4916 et
1081 4860 1470 4925 intellectualis,
1501 4867 1662 4930 castae
1690 4860 1920 4916 civitatis
1952 4860 2077 4930 tuae,

503 4934 690 5004 matris
723 4941 936 4996 nostrae,
966 4947 1083 5004 qua
1125 4946 1335 5004 sursum
1359 4938 1460 5004 est,
1501 4937 1558 4984 et
1582 4928 1746 5004 libera
1770 4940 1854 5004 est
1883 4928 2077 5004 (Gatat.

501 5018 578 5067 tv,
606 5002 699 5071 26)
724 5010 779 5057 et
812 4999 1010 5058 aeterna
1039 5002 1093 5055 in
1117 5001 1269 5055 caelis
1289 5000 1504 5072 (quibus
1542 4999 1717 5065 caelis,
1755 5000 1856 5072 nisi
1892 4999 1985 5072 qui
2030 5012 2082 5058 te

501 5070 721 5128 laudant
741 5072 863 5128 cteli
900 5071 1191 5140 ctelorum?
1214 5070 1337 5140 quia
1360 5070 1484 5140 hoc
1528 5077 1614 5123 est
1653 5070 1927 5140 eleuatum
1958 5074 2081 5129 coeli

502 5140 910 5215 Domino[Psal.
928 5157 1080 5205 cxut,
1104 5138 1246 5213 16]),
1269 5139 1370 5195 etsi
1412 5154 1521 5194 non
1548 5138 2083 5215 i_nvenimus__tempus

502 5222 630 5268 ante
665 5210 829 5277 illa'm,
859 5227 980 5282 quae
1019 5210 1319 5267 creaturam
1348 5210 1604 5283 temporis
1643 5211 1929 5278 antecedit,
1960 5210 2080 5283 quia

502 5284 651 5353 prior
677 5280 912 5338 omnium
937 5290 1114 5338 creata
1140 5292 1254 5353 est;
1283 5288 1406 5335 ante
1427 5280 1572 5353 illam
1596 5288 1770 5336 tamen
1792 5296 1851 5337 es
1872 5292 1927 5337 tu
1947 5280 2085 5339 Deus

504 5351 755 5420 ieternus,
782 5362 993 5409 creator
1018 5351 1279 5417 omnium,
1310 5366 1339 5423 a
1368 5365 1474 5422 quo
1501 5352 1637 5406 facta
1666 5353 1891 5423 sumpsit
1914 5369 2082 5409 exor-

502 5423 674 5489 dium,
702 5423 944 5493 quamvis
970 5437 1075 5478 non
1099 5422 1374 5493 temporis,
1404 5424 1527 5492 quia
1543 5422 1792 5493 nondum
1817 5433 1932 5478 erat
1952 5434 2085 5479 tem-

543 5510 624 5561 us,
648 5491 814 5564 ipsius
837 5502 1015 5564 tamen
1041 5492 1360 5564 conditionis
1383 5491 1514 5547 suat.
1542 5491 1693 5564 Unde
1717 5494 1787 5547 ita
1806 5502 1889 5548 est
1910 5494 2007 5549 abs
2032 5504 2085 5550 te

553 5580 619 5620 eo
643 5563 849 5634 nostro,
874 5573 930 5620 ut
947 5563 1092 5620 aliud
1110 5563 1180 5618 sit
1203 5563 1359 5634 plane
1377 5578 1535 5632 quam
1558 5570 1632 5618 tu.
1659 5563 1813 5619 Licet
1837 5580 1937 5622 nec
1961 5576 2085 5621 ante

567 5728 590 5794 ξ
613 5730 685 5794 sic
704 5736 811 5779 uss.
834 5736 991 5794 Forte,
1020 5728 1242 5794 utAapud‘
1263 5737 1401 5793 Aug,
1424 5729 1648 5794 quoniam
1684 5744 1889 5784 sursum.

566 5788 643 5856 (rt)
666 5794 909 5856 Augustin.
934 5793 1017 5856 lib.
1046 5791 1105 5839 12
1125 5788 1356 5856 confess;
1382 5788 1486 5856 cap.
1518 5793 1591 5842 16.

576 5848 651 5912 (li)
674 5848 771 5900 Ibid
815 5864 919 5914 cap.
945 5853 1017 5914 15,
1035 5865 1119 5901 nn.
1148 5852 1309 5903 19-21.

1936 399 2300 458 APPENDIX.
3651 397 3737 454 9l6

2178 513 2342 580 illam,
2374 526 2471 567 nec
2498 512 2549 566 in
2575 511 2664 567 illa
2686 511 3010 583 inveniamus
3036 518 3245 581 tempus
3268 508 3375 583 (est
3393 511 3542 583 enim
3562 510 3737 567 idm

2176 584 2365 639 faciem
2401 593 2542 638 tuam
2573 597 2793 652 semper
2821 582 3018 645 videre,
3062 597 3163 637 nec
3210 582 3738 652 uspiamedcﬂectitur

2174 654 2243 707 ab
2266 669 2327 708 ea
2348 670 2373 735 ;_
2393 669 2498 735 quo
2533 654 2591 706 fit
2620 662 2674 735 ut
2693 650 2845 735 milia
2880 653 3171 735 mutatione
3185 650 3486 735 _varietur):
3513 653 3652 735 inest
3676 664 3735 706 ta-

2174 740 2296 779 men
2327 725 2378 779 ei
2411 722 2531 792 ipsa
2561 724 2898 782 mutabilitas.
2927 739 3029 792 qua
3061 722 3455 777 tenebresceret
3495 732 3552 775 et
3594 722 3737 792 frige-

2174 804 2366 857 sceret,
2398 793 2496 849 nisi
2524 808 2705 847 amore
2728 792 2913 862 grandi
2937 792 3212 847 cohaerens
3226 793 3322 847 tibi
3342 800 3597 862 tanquam
3618 809 3740 847 seut.

2176 880 2270 935 per
2300 862 2549 919 meridies
2575 866 2592 895 ¹
2622 864 2823 935 luceret
2851 864 3157 935 etifervcret
3181 879 3248 917 ex
3274 870 3346 916 te.
3378 863 3619 931 Denique
3646 874 3738 917 tant

2173 934 2321 990 casto
2347 949 2528 989 amore
2556 934 2790 989 eohazrct
2831 934 2923 987 tibi
2969 934 3077 988 Deo
3119 948 3243 987 vero
3276 941 3331 986 et
3368 948 3499 987 vere
3528 944 3741 997 :L-tertio,

2174 1016 2231 1060 ut
2257 1005 2496 1075 quamvis
2542 1005 2632 1058 tibi
2662 1020 2766 1058 non
2809 1004 2878 1057 sit
2901 1012 3197 1075 complerua,
3248 1003 3299 1057 in
3342 1004 3538 1056 nullius
3579 1014 3741 1075 tamen

2174 1075 2429 1145 temporis
2452 1075 2732 1145 varietates
2760 1082 2822 1145 et
2864 1074 3255 1145 vicissitudines
3284 1088 3316 1127 a
3357 1081 3409 1127 te
3437 1088 3496 1127 se
3522 1074 3744 1145 resolvat

2173 1154 2229 1200 ct
2251 1143 2467 1209 defluat,
2497 1144 2593 1199 sed
2622 1145 2671 1197 in
2701 1143 2773 1197 tui
2803 1144 2969 1199 solius
3008 1143 3285 1197 verissima
3307 1144 3744 1210 eotitentplatioue

2172 1218 2489 1286 requiescat.
2520 1215 2780 1286 Quoniam
2810 1221 2886 1279 tu,
2929 1214 3088 1286 Deus,
3133 1213 3367 1286 diligenti
3405 1224 3457 1267 te
3499 1224 3743 1286 quantum

2174 1281 2436 1356 principis,
2466 1284 2702 1356 ostendis
2724 1294 2796 1356 te,
2823 1294 2878 1338 et
2902 1281 3097 1339 sufﬁcit
3122 1284 3190 1356 ei.
3214 1282 3365 1338 Unde
3396 1299 3501 1336 non
3524 1283 3745 1338 declinat

2170 1352 2200 1411 ἐι
2229 1365 2299 1421 te,
2332 1352 2430 1410 nec
2457 1372 2486 1409 a
2516 1354 2575 1410 se
2607 1373 2622 1410 :
2658 1354 2752 1409 sed
2773 1369 2984 1421 semper
3012 1358 3063 1407 iu
3090 1352 3280 1408 eodem
3302 1362 3442 1407 statu
3475 1364 3682 1417 manet,
3703 1361 3745 1407 te

2172 1426 2531 1489 indesinenter
2554 1424 2802 1488 videndo,
2833 1433 2883 1478 te
2909 1422 3272 1479 indeficieuter
3295 1422 3545 1489 amando,
3570 1440 3744 1479 verum

2170 1495 2349 1553 lumen
2376 1506 2430 1551 et
2458 1504 2660 1551 castum
2691 1509 2951 1549 amorem.

2240 1586 2286 1643 Ο
2309 1587 2460 1643 beata
2483 1588 2579 1642 ista
2598 1587 2839 1642 sublimis
2854 1595 3095 1642 creatura
3115 1595 3480 1641 creaturarum
3500 1586 3742 1650 maxima,

2195 1658 2247 1727 a)
2272 1657 2426 1712 beata
2471 1656 2779 1712 inlunrendo
2819 1671 3031 1727 semper
3075 1658 3389 1713 beatitudini
3428 1659 3560 1712 ture!
3608 1658 3748 1713 Felix

2210 1744 2287 1784 are
2314 1738 2367 1783 et
2390 1729 2610 1783 nimium
2633 1727 2758 1782 felix
2786 1735 2837 1782 te
2863 1727 3191 1796 sempiterno
3218 1727 3568 1783 inhabitatorc
3585 1737 3747 1797 atque

2172 1799 2496 1854 illustratore
2523 1814 2641 1853 suo.
2669 1798 2778 1852 Nec
2803 1798 3018 1852 invenio
3051 1798 3176 1866 quid
3205 1799 3452 1854 libentius
3468 1798 3740 1867 appellan-

2170 1869 2298 1924 dum
2328 1869 2648 1934 existimem,
2685 1869 2879 1923 emtum
2906 1868 3027 1923 cmli
3065 1869 3311 1932 Domino,
3340 1884 3493 1936 quam
3524 1868 3743 1923 domum

2174 1949 2316 1994 tuam
2363 1940 2811 2009 contemplantem
2849 1938 3256 1993 delectationem
3304 1945 3466 2001 tuam,
3509 1938 3627 1992 sine
3657 1938 3749 1993 tle-

2171 2010 2310 2065 fectu
2329 2012 2349 2041 ²
2376 2010 2681 2080 egredieudi
2728 2010 2779 2063 in
2822 2009 2997 2072 aliud;
3028 2017 3261 2064 mentem
3304 2025 3513 2077 puram,
3534 2022 3752 2080 concor-

2170 2080 2388 2135 dissime
2417 2079 2596 2145 unam,
2645 2080 3057 2135 stabilimeutum
3098 2081 3242 2147 pacis
3284 2081 3563 2135 beatorum
3595 2079 3748 2149 spiri-

2170 2160 2342 2218 tuum,
2373 2152 2425 2206 in
2452 2149 2757 2207 coelestibus
2785 2164 2944 2220 super
2964 2150 3062 2203 ista
3083 2149 3341 2205 coelestia.

2244 2241 2393 2298 Unde
2416 2242 2672 2311 intelligat
2701 2241 2874 2294 anima
2897 2239 3049 2310 cujus
3080 2240 3433 2311 peregrinatio
3470 2239 3753 2363 longinqua

2244 2323 2305 2363 tta
2332 2322 2434 2363 est.
2474 2312 2520 2363 si
2563 2312 2666 2363 iam
2706 2312 2817 2363 sitit
2851 2311 2966 2363 tibi.
3011 2312 3053 2363 si
3097 2312 3199 2363 iam
3239 2310 3389 2363 factm
3428 2322 3564 2363 sunt
3596 2313 3653 2363 ei
3704 2329 3750 2363 a-

2170 2312 2305 2368 faeta
2332 2322 2434 2378 est,
2474 2312 2520 2367 si
2555 2310 2666 2380 jam
2706 2312 2817 2365 sitit
2851 2311 2966 2376 tibi,
3011 2312 3053 2365 si
3089 2312 3199 2379 jam
3222 2310 3389 2365 facta:
3428 2322 3564 2365 sunt
3596 2313 3653 2367 ei
3690 2310 3750 2364 Ia-

2168 2397 2366 2453 crynue
2406 2398 2518 2436 sua;
2556 2380 2914 2453 pauis(Psal.
2937 2397 3040 2446 xu,
3068 2380 3148 2451 4),
3178 2382 3221 2436 si
3251 2382 3359 2449 jam
3404 2382 3544 2451 petit
3584 2398 3751 2448 uuam,

2169 2452 2390 2507 et’hauc
2417 2452 2659 2522 requirit.
2692 2460 2751 2505 ut
2777 2452 3035 2506 inhabitet
3074 2453 3127 2506 in
3153 2454 3313 2506 domo
3336 2462 3423 2506 tua
3453 2468 3556 2522 per
3584 2468 3753 2506 ornas

2168 2522 2284 2577 dies
2312 2522 2431 2576 vitae
2456 2521 2761 2593 sua:(Psot.
2802 2538 2948 2587 xxvi,
2992 2522 3068 2590 4).
3116 2522 3206 2593 (Ει
3229 2538 3348 2593 qua:
3377 2521 3484 2576 vita
3517 2525 3647 2592 ejus
3672 2524 3751 2577 nisi

2171 2593 2261 2647 tu?
2286 2600 2341 2647 et
2374 2593 2461 2663 qui
2492 2593 2607 2647 dies
2635 2592 2757 2663 tuit
2776 2593 2878 2663 nisi
2907 2592 3178 2663 aeternitas
3218 2592 3324 2654 tua,
3364 2593 3508 2648 sicut
3539 2594 3670 2647 anni
3694 2594 3752 2647 tui

2169 2663 2258 2735 qui
2287 2678 2396 2717 non
2423 2663 2711 2717 deficiunt?
2741 2662 2911 2735 [PsaL
2941 2662 3146 2735 ct,28])
3166 2663 3325 2718 ?liiuc
3357 2678 3490 2733 ergo
3508 2664 3755 2733 intelligat

2171 2734 2348 2787 anima
2375 2749 2494 2803 qua:
2535 2742 2708 2803 potest
2751 2750 2909 2803 quam
2942 2734 3283 2803 longesuper
3308 2736 3490 2789 omnia
3524 2744 3752 2803 tempora

2169 2803 2245 2859 sis
2271 2814 2521 2868 aeternus,
2550 2803 2763 2875 quando
2788 2804 2977 2875 domus
3003 2813 3110 2869 tua,
3137 2820 3256 2875 qu:c
3283 2805 3638 2873 peregrinata
3662 2820 3750 2859 non

2170 2882 2271 2936 est.
2305 2876 2548 2944 quamvis
2578 2874 2669 2928 tibi
2699 2890 2803 2928 non
2845 2874 2914 2927 sit
2945 2874 3230 2934 eomterna.
3270 2875 3654 2929 indesinenter
3687 2887 3747 2928 ta-

2170 2960 2295 3000 men
2323 2956 2376 3000 et
2405 2944 2772 3000 indeiicienter
2799 2945 3119 3000 coluerendo
3164 2946 3275 3011 tibi,
3319 2946 3527 2999 nullam
3556 2956 3753 3013 tempo-

2171 3031 2290 3070 rum
2319 3015 2515 3083 patitur
2542 3016 2846 3069 varietatem
2881 3031 2894 3068 :
2929 3024 3084 3084 teque
3106 3030 3318 3083 semper
3344 3017 3756 3084 perseverantis-

2172 3086 2307 3141 sima
2350 3086 2592 3140 castitate
2632 3085 2901 3151 hauriens,
2940 3086 3346 3140 mutabilitatem
3381 3086 3402 3116 ³
3430 3101 3596 3139 suam
3638 3102 3753 3139 nus-

2171 3170 2329 3227 quam
2380 3164 2435 3210 et
2476 3171 2745 3227 nunquam
2787 3156 3006 3222 exserit,
3047 3165 3103 3210 et
3134 3165 3193 3227 te
3232 3157 3331 3211 sibi
3370 3169 3661 3223 prasente,
3700 3155 3756 3227 ad

2172 3225 2330 3295 quem
2360 3235 2470 3281 toto
2493 3226 2682 3280 affectu
2713 3241 2772 3280 se
2803 3236 2968 3291 tenet,
3001 3242 3104 3280 nou
3131 3226 3335 3281 habens
3354 3230 3592 3280 l’uttmim
3625 3225 3757 3295 quod

2172 3306 2473 3367 exspectet,
2501 3311 2599 3350 nec
2628 3297 2679 3350 in
2723 3297 3047 3365 prmteritum
3086 3298 3355 3365 trajicicns
3383 3296 3519 3365 quod
3562 3298 3758 3349 memi-

2175 3367 2660 3492 nerit,dperuullas
2690 3368 2834 3422 vices
2861 3367 3114 3434 variatur,
3155 3377 3208 3423 et
3251 3367 3306 3423 in
3346 3367 3481 3422 nulla
3512 3374 3756 3437 tempora

2175 3450 2330 3492 exteu
2372 3447 2497 3492 Itur.

2173 3438 2497 3494 extenditur.

2244 3527 2468 3584 CAPUT
2490 3527 2609 3599 XX.
2636 3527 2890 3599 Aspirario
2909 3530 2976 3582 ad
2992 3529 3196 3582 domum
3226 3526 3319 3582 Dei
3335 3544 3355 3582 :
3381 3536 3423 3582 et
3444 3536 3499 3599 ut
3517 3528 3635 3595 ipso
3656 3536 3760 3599 oret

2176 3617 2271 3670 pro
2294 3599 2455 3653 nobis.
2487 3598 2561 3671 (ὁ)
2579 3598 2624 3653 Ο
2639 3598 2828 3671 domus
2846 3599 3106 3671 luminosa
3121 3607 3175 3671 et
3195 3600 3456 3671 speciosa,
3474 3598 3646 3671 dilexi
3664 3598 3757 3671 de-_

2175 3668 2356 3724 corem
2384 3668 2553 3733 tuum,
2581 3678 2637 3725 et
2658 3670 2829 3725 locum
2856 3669 3194 3724 habitationis
3219 3670 3401 3740 gloria:
3422 3669 3636 3723 Domini
3663 3668 3759 3724 mei

2176 3740 2507 3796 fabricatoris
2517 3748 2570 3795 et
2582 3740 2904 3808 possessoris
2917 3741 3011 3794 tui.
3026 3740 3143 3794 Tibi
3158 3740 3383 3810 suspiret
3409 3742 3759 3810 peregrinatio

2177 3826 2315 3875 mea,
2350 3822 2504 3866 nocte
2532 3826 2595 3865 ac
2615 3811 2701 3864 die
2732 3811 2823 3865 tibi
2854 3810 3021 3864 inhiet
3047 3824 3140 3865 cor
3166 3826 3363 3872 meum,
3402 3810 3499 3864 tibi
3527 3811 3759 3865 intendat

2179 3896 2333 3937 meus
2361 3896 2502 3947 mea,
2538 3880 2603 3934 ad
2631 3883 2936 3937 societatem
2963 3881 3300 3951 beatitudinis
3339 3889 3446 3934 tua:
3486 3882 3759 3951 pervenire

2178 3951 2445 4007 desideret
2465 3951 2640 4005 anima
2668 3967 2806 4007 mea.
2837 3952 2967 4008 Dico
2984 3953 3032 4006 ei
3055 3951 3145 4021 qui
3164 3950 3290 4006 fecit
3309 3960 3383 4014 te,
3407 3960 3468 4005 ut
3490 3950 3761 4021 possideat

2178 4038 2265 4077 me
2292 4022 2343 4076 iu
2376 4030 2449 4088 te,
2474 4023 2597 4091 quia
2628 4024 2740 4091 ipse
2767 4022 2892 4076 fecit
2919 4030 2974 4077 et
2998 4038 3103 4077 me.
3136 4022 3249 4076 imo
3275 4031 3327 4075 tu
3353 4022 3463 4086 dic,
3494 4031 3549 4075 tu
3569 4039 3692 4091 roga
3711 4028 3762 4074 ut

2178 4092 2396 4162 dignum
2426 4107 2512 4146 me
2535 4093 2689 4147 faciat
2713 4092 3112 4161 participatione
3138 4092 3321 4161 gloria:
3348 4100 3475 4145 tum.
3515 4093 3757 4147 Sanctam

2179 4164 2324 4219 enim
2362 4162 2668 4217 societatem
2702 4173 2868 4225 tuam,
2895 4173 2949 4217 et
2989 4162 3283 4218 mirabilem
3310 4162 3758 4231 pulchritudinem

2180 4243 2324 4288 tuam
2366 4249 2472 4288 non
2515 4248 2608 4302 per
2647 4234 2892 4287 meritum
2937 4232 3169 4302 requiro,
3197 4231 3289 4288 sed
3326 4248 3424 4303 per
3450 4236 3759 4303 sanguinem

2180 4303 2299 4373 ejus
2326 4319 2430 4373 quo
2463 4304 2770 4371 redemptus
2797 4318 2937 4370 sum,
2972 4302 3189 4373 adipisci
3218 4302 3581 4373 non’deSpero
3607 4322 3621 4356 :
3654 4315 3755 4356 tau-

2182 4383 2294 4428 tnm
2337 4374 2587 4443 adjuvent
2627 4389 2713 4444 me
2754 4374 2941 4428 merita
2986 4382 3095 4433 tua.
3146 4374 3469 4429 subvenieut
3516 4374 3757 4444 pravitati

2182 4459 2318 4499 mete
2337 4454 2534 4498 saneta:
2555 4453 2608 4497 et
2637 4443 2884 4514 piissima:
2922 4452 2976 4499 et
3002 4444 3297 4513 purissima:
3325 4443 3600 4500 orationes
3641 4455 3757 4507 tur,

2181 4529 2299 4585 qua:
2327 4513 2646 4569 inefficaces
2666 4514 2806 4582 apud
2842 4514 3005 4585 Deum
3045 4513 3345 4585 nullatenus
3375 4530 3499 4570 esse
3524 4526 3755 4585 possunt.

2183 4584 2389 4651 Erravi,
2421 4585 2605 4647 fateor,
2638 4585 2774 4640 sicut
2800 4584 2915 4638 ovis
2947 4583 3153 4654 perdita
3185 4584 3355 4655 (Ρδαιε.
3387 4583 3576 4652 mm,
3614 4588 3752 4650 170).

2184 4665 2241 4710 et
2280 4656 2538 4710 incolatus
2580 4671 2731 4709 meus
2775 4656 3117 4725 prolongatus
3153 4664 3236 4709 est
3280 4654 3449 4725 (Psat.
3477 4672 3626 4716 cxtx,
3657 4660 3708 4721 5)
3744 4672 3755 4706 :

2184 4734 2342 4795 atque
2370 4726 2551 4794 procul
2578 4726 2843 4795 projectus
2871 4741 2987 4780 sum
3014 4741 3045 4779 a
3072 4725 3203 4780 faeie
3222 4726 3429 4780 Domini
3464 4728 3549 4781 Dei
3586 4729 3688 4782 mei
3711 4728 3758 4778 iu

2184 4794 2324 4850 hanc
2347 4796 2516 4849 exsilii
2544 4797 2855 4851 cmeitatem.
2896 4794 2997 4851 Ubi
3041 4797 3295 4865 expulsus
3320 4814 3347 4848 a
3383 4798 3609 4865 paradisi
3636 4814 3759 4866 gauo

2184 4866 2287 4920 diis
2309 4865 2530 4936 deploro
2556 4866 2789 4935 quotidie
2828 4881 3035 4921 mecum
3080 4882 3241 4936 super
3266 4867 3505 4922 miserias
3540 4865 3760 4933 captivi-

2188 4937 2310 5007 tatis
2330 4952 2461 4990 mete
2487 4937 2707 5004 lugubre
2727 4952 2941 4991 carmen
2970 4936 3313 5007 ingentesque
3342 4938 3762 4999 lamentationes,

2186 5005 2310 5060 dum
2342 5007 2593 5062 recordor
2620 5008 2716 5073 tui,
2758 5016 2927 5061 mater
2967 5005 3284 5072 Jerusalem,
3316 5008 3441 5061 dum
3472 5010 3631 5062 statui
3671 5025 3755 5075 pe-

2187 5076 2283 5130 des
2300 5092 2445 5132 meos
2466 5078 2516 5130 in
2543 5076 2692 5133 atriis
2721 5078 2842 5138 tuis,
2871 5087 3052 5131 sancta
3076 5086 3131 5132 et
3153 5078 3341 5132 decora
3365 5078 3507 5143 Sion,
3529 5078 3760 5133 necdum

2190 5146 2240 5200 in
2268 5147 2519 5201 interiora
2550 5156 2634 5201 tua
2672 5149 2984 5217 conspicere
3013 5149 3064 5201 in
3098 5149 3375 5217 prepatulo
3404 5151 3580 5213 valens
3617 5167 3634 5200 τ
3676 5149 3762 5201 sui

2189 5216 2241 5270 in
2270 5216 2502 5271 humeris
2531 5218 2757 5286 pastoris
2782 5216 2907 5281 mei,
2935 5216 3215 5273 structoris
3244 5220 3340 5281 tui,
3376 5234 3522 5288 Spero
3565 5234 3659 5271 me
3688 5236 3765 5270 re-

2190 5288 2390 5357 portari
2428 5287 2542 5352 tibi,
2575 5298 2632 5341 ut
2659 5288 2941 5356 tripudiem
2978 5290 3028 5342 in
3056 5297 3107 5343 te
3149 5305 3268 5343 cum
3305 5287 3765 5343 illo’iueuarmbili

2188 5357 2401 5427 gaudio,
2428 5372 2533 5427 quo
2572 5358 2815 5413 lzetantur
2839 5358 2911 5413 illi
2954 5359 3044 5429 qui
3084 5367 3257 5415 tecum
3283 5368 3409 5413 sunt
3432 5374 3608 5413 coram
3653 5361 3765 5428 ipso

2236 5552 2272 5621 ,ί
2319 5552 2391 5601 sic
2439 5558 2636 5615 August.
2687 5558 2742 5602 et
2798 5560 2879 5602 Ms.
2926 5558 3055 5602 Mett.
3119 5559 3173 5603 At
3222 5553 3336 5603 editi
3360 5589 3374 5613 ,
3421 5562 3560 5613 super
3618 5552 3764 5601 meri-

2193 5614 2348 5737 ἀπῖῗῇ
2374 5673 2514 5737 editis
2535 5673 2798 5737 irrepserat
2818 5673 3077 5737 glossema.
3100 5680 3146 5725 ει
3166 5675 3338 5737 αὺδηιίε
3357 5676 3531 5737 ιιπεαι-

2258 5736 2278 5797 ξ
2304 5733 2441 5792 Alias,
2459 5733 2900 5797 immutizbilt'mtém.
2927 5743 2978 5786 F.t
2998 5751 3128 5797 mox,
3150 5733 3319 5787 exierit
3339 5733 3473 5797 cite.

2258 5796 2331 5861 (ᾳ)
2358 5796 2713 5861 August_in._lib.
2732 5798 2800 5861 1‘2
2820 5798 3050 5856 Confesm,
3076 5795 3180 5861 cap.
3206 5800 3275 5858 11,
3298 5813 3376 5848 na.
3405 5795 3467 5856 13,
3495 5795 3577 5845 13.

2259 5856 2330 5920 (ὁ)
2353 5856 2562 5907 Ειυοά.
2602 5857 2684 5907 lib.
2724 5859 2807 5920 12,
2844 5873 2947 5924 cap.
2978 5861 3049 5910 13.
3074 5856 3223 5911 11.21.
