  <div class='ocr_page' id='page_1' title='image "/cluster/home/n/w/nwhite01/storage/ocr_20150623/40-41/uva.x000217726/479.png"; bbox 0 0 3804 6358; ppageno 0'>
   <div class='ocr_carea' id='block_1_1' title="bbox 418 296 524 363">
    <p class='ocr_par' dir='ltr' id='par_1_1' title="bbox 418 296 524 363">
     <span class='ocr_line' id='line_1_1' title="bbox 418 296 524 363; baseline 0 0"><span class='ocrx_word' id='word_1_1' title='bbox 418 296 524 363; x_wconf 72' lang='lat' dir='ltr'><strong>N7</strong></span> 
     </span>
    </p>
   </div>
   <div class='ocr_carea' id='block_1_2' title="bbox 416 414 1999 499">
    <p class='ocr_par' dir='ltr' id='par_1_2' title="bbox 416 414 1999 499">
     <span class='ocr_line' id='line_1_2' title="bbox 416 414 1999 499; baseline -0.007 -17"><span class='ocrx_word' id='word_1_2' title='bbox 416 433 475 482; x_wconf 76' lang='lat' dir='ltr'><strong>et</strong></span> <span class='ocrx_word' id='word_1_3' title='bbox 497 423 600 481; x_wconf 85' lang='lat' dir='ltr'><strong>nisi</strong></span> <span class='ocrx_word' id='word_1_4' title='bbox 619 420 715 479; x_wconf 90' lang='lat' dir='ltr'><strong>Dei</strong></span> <span class='ocrx_word' id='word_1_5' title='bbox 737 420 1241 499; x_wconf 64' lang='lat' dir='ltr'><strong>misericordiaenm</strong></span> <span class='ocrx_word' id='word_1_6' title='bbox 1267 425 1498 499; x_wconf 61' lang='lat' dir='ltr'><strong>tueatgr,</strong></span> <span class='ocrx_word' id='word_1_7' title='bbox 1525 414 1914 499; x_wconf 74' lang='lat' dir='ltr'><strong>s_:epius_usque_</strong></span> <span class='ocrx_word' id='word_1_8' title='bbox 1932 416 1999 472; x_wconf 85' lang='lat' dir='ltr'><strong>ad</strong></span> 
     </span>
    </p>
   </div>
   <div class='ocr_carea' id='block_1_3' title="bbox 419 487 2000 556">
    <p class='ocr_par' dir='ltr' id='par_1_3' title="bbox 419 487 2000 556">
     <span class='ocr_line' id='line_1_3' title="bbox 419 487 2000 556; baseline -0.006 -4"><span class='ocrx_word' id='word_1_9' title='bbox 419 502 650 553; x_wconf 84' lang='lat' dir='ltr'><strong>mortem</strong></span> <span class='ocrx_word' id='word_1_10' title='bbox 673 494 1000 549; x_wconf 73' lang='lat' dir='ltr'><strong>vulneratur.</strong></span> <span class='ocrx_word' id='word_1_11' title='bbox 1028 492 1218 548; x_wconf 88' lang='lat' dir='ltr'><strong>Libera</strong></span> <span class='ocrx_word' id='word_1_12' title='bbox 1248 505 1336 546; x_wconf 89' lang='lat' dir='ltr'><strong>me</strong></span> <span class='ocrx_word' id='word_1_13' title='bbox 1356 533 1371 556; x_wconf 92' lang='lat'><strong>,</strong></span> <span class='ocrx_word' id='word_1_14' title='bbox 1403 487 1625 545; x_wconf 88' lang='lat' dir='ltr'><strong>Domine</strong></span> <span class='ocrx_word' id='word_1_15' title='bbox 1647 532 1662 555; x_wconf 96' lang='lat'><strong>,</strong></span> <span class='ocrx_word' id='word_1_16' title='bbox 1691 488 1757 543; x_wconf 89' lang='lat' dir='ltr'><strong>ab</strong></span> <span class='ocrx_word' id='word_1_17' title='bbox 1786 487 1870 542; x_wconf 87' lang='lat' dir='ltr'><strong>his</strong></span> <span class='ocrx_word' id='word_1_18' title='bbox 1900 487 2000 543; x_wconf 87' lang='lat' dir='ltr'><strong>ho-</strong></span> 
     </span>
    </p>
   </div>
   <div class='ocr_carea' id='block_1_4' title="bbox 416 560 2001 635">
    <p class='ocr_par' dir='ltr' id='par_1_4' title="bbox 416 560 2001 635">
     <span class='ocr_line' id='line_1_4' title="bbox 416 560 2001 635; baseline -0.006 -13"><span class='ocrx_word' id='word_1_19' title='bbox 416 566 594 622; x_wconf 76' lang='lat' dir='ltr'><strong>stibus</strong></span> <span class='ocrx_word' id='word_1_20' title='bbox 618 566 772 629; x_wconf 87' lang='lat' dir='ltr'><strong>meis,</strong></span> <span class='ocrx_word' id='word_1_21' title='bbox 790 579 821 620; x_wconf 88' lang='lat' dir='ltr'><strong>a</strong></span> <span class='ocrx_word' id='word_1_22' title='bbox 850 564 1042 635; x_wconf 86' lang='lat' dir='ltr'><strong>quibus</strong></span> <span class='ocrx_word' id='word_1_23' title='bbox 1067 578 1152 617; x_wconf 91' lang='lat' dir='ltr'><strong>me</strong></span> <span class='ocrx_word' id='word_1_24' title='bbox 1177 563 1405 618; x_wconf 90' lang='lat' dir='ltr'><strong>liberare</strong></span> <span class='ocrx_word' id='word_1_25' title='bbox 1434 576 1541 616; x_wconf 92' lang='lat' dir='ltr'><strong>non</strong></span> <span class='ocrx_word' id='word_1_26' title='bbox 1570 561 1745 635; x_wconf 78' lang='lat' dir='ltr'><strong>valeo.</strong></span> <span class='ocrx_word' id='word_1_27' title='bbox 1775 560 2001 635; x_wconf 66' lang='lat' dir='ltr'><strong>Perver-</strong></span> 
     </span>
    </p>
   </div>
   <div class='ocr_carea' id='block_1_5' title="bbox 418 630 2003 708">
    <p class='ocr_par' dir='ltr' id='par_1_5' title="bbox 418 630 2003 708">
     <span class='ocr_line' id='line_1_5' title="bbox 418 630 2003 708; baseline -0.005 -16"><span class='ocrx_word' id='word_1_28' title='bbox 418 650 539 692; x_wconf 85' lang='lat' dir='ltr'><strong>sum</strong></span> <span class='ocrx_word' id='word_1_29' title='bbox 567 636 710 692; x_wconf 87' lang='lat' dir='ltr'><strong>enim</strong></span> <span class='ocrx_word' id='word_1_30' title='bbox 741 644 796 692; x_wconf 92' lang='lat' dir='ltr'><strong>et</strong></span> <span class='ocrx_word' id='word_1_31' title='bbox 820 630 1112 708; x_wconf 76' lang='lat' dir='ltr'><strong>pessimum</strong></span> <span class='ocrx_word' id='word_1_32' title='bbox 1135 642 1217 708; x_wconf 81' lang='lat' dir='ltr'><strong>est</strong></span> <span class='ocrx_word' id='word_1_33' title='bbox 1237 647 1330 708; x_wconf 84' lang='lat' dir='ltr'><strong>eor</strong></span> <span class='ocrx_word' id='word_1_34' title='bbox 1348 647 1527 688; x_wconf 89' lang='lat' dir='ltr'><strong>meum</strong></span> <span class='ocrx_word' id='word_1_35' title='bbox 1553 649 1565 687; x_wconf 92' lang='lat'><strong>:</strong></span> <span class='ocrx_word' id='word_1_36' title='bbox 1589 630 1653 686; x_wconf 92' lang='lat' dir='ltr'><strong>ad</strong></span> <span class='ocrx_word' id='word_1_37' title='bbox 1680 630 2003 708; x_wconf 77' lang='lat' dir='ltr'><strong>deploranda</strong></span> 
     </span>
    </p>
   </div>
   <div class='ocr_carea' id='block_1_6' title="bbox 414 702 2004 790">
    <p class='ocr_par' dir='ltr' id='par_1_6' title="bbox 414 702 2004 790">
     <span class='ocr_line' id='line_1_6' title="bbox 414 702 2004 790; baseline -0.003 -28"><span class='ocrx_word' id='word_1_38' title='bbox 414 714 725 790; x_wconf 67' lang='lat' dir='ltr'><strong>perpetrata</strong></span> <span class='ocrx_word' id='word_1_39' title='bbox 762 702 1125 790; x_wconf 70' lang='lat' dir='ltr'><strong>pe&#39;ccatamea</strong></span> <span class='ocrx_word' id='word_1_40' title='bbox 1153 704 1440 790; x_wconf 70' lang='lat' dir='ltr'><strong>lapideum</strong></span> <span class='ocrx_word' id='word_1_41' title='bbox 1460 710 1545 790; x_wconf 76' lang='lat' dir='ltr'><strong>est</strong></span> <span class='ocrx_word' id='word_1_42' title='bbox 1566 710 1641 790; x_wconf 22' lang='lat' dir='ltr'><strong>Aet</strong></span> <span class='ocrx_word' id='word_1_43' title='bbox 1660 703 1873 790; x_wconf 73' lang='lat' dir='ltr'><strong>aridum</strong></span> <span class='ocrx_word' id='word_1_44' title='bbox 1895 744 1908 765; x_wconf 94' lang='lat'><strong>,</strong></span> <span class='ocrx_word' id='word_1_45' title='bbox 1937 702 2004 790; x_wconf 77' lang='lat' dir='ltr'><strong>ad</strong></span> 
     </span>
    </p>
   </div>
   <div class='ocr_carea' id='block_1_7' title="bbox 420 773 2004 839">
    <p class='ocr_par' dir='ltr' id='par_1_7' title="bbox 420 773 2004 839">
     <span class='ocr_line' id='line_1_7' title="bbox 420 773 2004 839; baseline -0.004 -6"><span class='ocrx_word' id='word_1_46' title='bbox 420 773 781 834; x_wconf 60' lang='lat' dir='ltr'><strong>reﬁstenduni</strong></span> <span class='ocrx_word' id='word_1_47' title='bbox 809 778 1127 832; x_wconf 72' lang='lat' dir='ltr'><strong>instantibus</strong></span> <span class='ocrx_word' id='word_1_48' title='bbox 1158 778 1174 809; x_wconf 87' lang='grc'>¹</span> <span class='ocrx_word' id='word_1_49' title='bbox 1208 773 1366 831; x_wconf 80' lang='lat' dir='ltr'><strong>inolle</strong></span> <span class='ocrx_word' id='word_1_50' title='bbox 1392 784 1447 829; x_wconf 91' lang='lat' dir='ltr'><strong>et</strong></span> <span class='ocrx_word' id='word_1_51' title='bbox 1477 775 1676 828; x_wconf 90' lang='lat' dir='ltr'><strong>luteum</strong></span> <span class='ocrx_word' id='word_1_52' title='bbox 1702 813 1718 839; x_wconf 95' lang='lat'><strong>,</strong></span> <span class='ocrx_word' id='word_1_53' title='bbox 1743 773 1807 827; x_wconf 89' lang='lat' dir='ltr'><strong>ad</strong></span> <span class='ocrx_word' id='word_1_54' title='bbox 1844 774 2004 827; x_wconf 87' lang='lat' dir='ltr'><strong>inuti-</strong></span> 
     </span>
    </p>
   </div>
   <div class='ocr_carea' id='block_1_8' title="bbox 340 844 2003 916">
    <p class='ocr_par' dir='ltr' id='par_1_8' title="bbox 340 844 2003 916">
     <span class='ocr_line' id='line_1_8' title="bbox 340 844 2003 916; baseline -0.003 -14"><span class='ocrx_word' id='word_1_55' title='bbox 340 886 347 891; x_wconf 80' lang='grc'><strong>-</strong></span> <span class='ocrx_word' id='word_1_56' title='bbox 416 848 494 903; x_wconf 82' lang='lat' dir='ltr'><strong>lia</strong></span> <span class='ocrx_word' id='word_1_57' title='bbox 519 858 573 904; x_wconf 90' lang='lat' dir='ltr'><strong>et</strong></span> <span class='ocrx_word' id='word_1_58' title='bbox 610 850 768 904; x_wconf 78' lang='lat' dir='ltr'><strong>noxia</strong></span> <span class='ocrx_word' id='word_1_59' title='bbox 807 848 1079 904; x_wconf 88' lang='lat' dir='ltr'><strong>tractanda</strong></span> <span class='ocrx_word' id='word_1_60' title='bbox 1101 848 1253 903; x_wconf 80' lang='lat' dir='ltr'><strong>velox</strong></span> <span class='ocrx_word' id='word_1_61' title='bbox 1286 854 1339 901; x_wconf 90' lang='lat' dir='ltr'><strong>et</strong></span> <span class='ocrx_word' id='word_1_62' title='bbox 1365 845 1689 916; x_wconf 79' lang='lat' dir='ltr'><strong>infatigabile</strong></span> <span class='ocrx_word' id='word_1_63' title='bbox 1714 888 1727 910; x_wconf 92' lang='lat'><strong>,</strong></span> <span class='ocrx_word' id='word_1_64' title='bbox 1758 844 1823 899; x_wconf 88' lang='lat' dir='ltr'><strong>ad</strong></span> <span class='ocrx_word' id='word_1_65' title='bbox 1855 844 2003 914; x_wconf 84' lang='lat' dir='ltr'><strong>cogi-</strong></span> 
     </span>
    </p>
   </div>
   <div class='ocr_carea' id='block_1_9' title="bbox 418 916 2005 975">
    <p class='ocr_par' dir='ltr' id='par_1_9' title="bbox 418 916 2005 975">
     <span class='ocr_line' id='line_1_9' title="bbox 418 916 2005 975; baseline -0.003 0"><span class='ocrx_word' id='word_1_66' title='bbox 418 920 582 975; x_wconf 85' lang='lat' dir='ltr'><strong>tanda</strong></span> <span class='ocrx_word' id='word_1_67' title='bbox 618 920 849 975; x_wconf 79' lang='lat' dir='ltr'><strong>salubria</strong></span> <span class='ocrx_word' id='word_1_68' title='bbox 889 918 1223 974; x_wconf 88' lang='lat' dir='ltr'><strong>fastidiosum</strong></span> <span class='ocrx_word' id='word_1_69' title='bbox 1253 925 1310 975; x_wconf 90' lang='lat' dir='ltr'><strong>et</strong></span> <span class='ocrx_word' id='word_1_70' title='bbox 1336 916 1634 971; x_wconf 84' lang='lat' dir='ltr'><strong>immobile.</strong></span> <span class='ocrx_word' id='word_1_71' title='bbox 1669 916 1857 970; x_wconf 86' lang='lat' dir='ltr'><strong>Anima</strong></span> <span class='ocrx_word' id='word_1_72' title='bbox 1888 930 2005 970; x_wconf 92' lang='lat' dir='ltr'><strong>mea</strong></span> 
     </span>
    </p>
   </div>
   <div class='ocr_carea' id='block_1_10' title="bbox 338 986 2003 1061">
    <p class='ocr_par' dir='ltr' id='par_1_10' title="bbox 338 986 2003 1061">
     <span class='ocr_line' id='line_1_10' title="bbox 338 986 2003 1061; baseline -0.005 -14"><span class='ocrx_word' id='word_1_73' title='bbox 338 986 361 1061; x_wconf 54' lang='grc' dir='ltr'>ξ</span> <span class='ocrx_word' id='word_1_74' title='bbox 420 990 647 1047; x_wconf 85' lang='lat' dir='ltr'><strong>distorta</strong></span> <span class='ocrx_word' id='word_1_75' title='bbox 664 999 719 1047; x_wconf 89' lang='lat' dir='ltr'><strong>et</strong></span> <span class='ocrx_word' id='word_1_76' title='bbox 737 990 1020 1061; x_wconf 87' lang='lat' dir='ltr'><strong>depravata</strong></span> <span class='ocrx_word' id='word_1_77' title='bbox 1040 988 1106 1061; x_wconf 88' lang='lat' dir='ltr'><strong>ad</strong></span> <span class='ocrx_word' id='word_1_78' title='bbox 1129 987 1564 1060; x_wconf 76' lang='lat' dir='ltr'><strong>praecipitandum</strong></span> <span class='ocrx_word' id='word_1_79' title='bbox 1587 995 1642 1043; x_wconf 93' lang='lat' dir='ltr'><strong>et</strong></span> <span class='ocrx_word' id='word_1_80' title='bbox 1658 986 2003 1061; x_wconf 79' lang='lat' dir='ltr'><strong>volutandum</strong></span> 
     </span>
    </p>
   </div>
   <div class='ocr_carea' id='block_1_11' title="bbox 340 1057 2004 1130">
    <p class='ocr_par' dir='ltr' id='par_1_11' title="bbox 340 1057 2004 1130">
     <span class='ocr_line' id='line_1_11' title="bbox 340 1057 2004 1130; baseline -0.005 -11"><span class='ocrx_word' id='word_1_81' title='bbox 340 1058 359 1129; x_wconf 59' lang='grc' dir='ltr'><em>ὲ</em></span> <span class='ocrx_word' id='word_1_82' title='bbox 418 1076 485 1118; x_wconf 77' lang='lat' dir='ltr'><strong>se</strong></span> <span class='ocrx_word' id='word_1_83' title='bbox 512 1062 569 1117; x_wconf 90' lang='lat' dir='ltr'><strong>in</strong></span> <span class='ocrx_word' id='word_1_84' title='bbox 600 1061 746 1117; x_wconf 89' lang='lat' dir='ltr'><strong>vitiis</strong></span> <span class='ocrx_word' id='word_1_85' title='bbox 782 1057 943 1117; x_wconf 80' lang='lat' dir='ltr'><strong>nimis</strong></span> <span class='ocrx_word' id='word_1_86' title='bbox 970 1057 1144 1117; x_wconf 79' lang='lat' dir='ltr'><strong>facilis</strong></span> <span class='ocrx_word' id='word_1_87' title='bbox 1170 1057 1331 1130; x_wconf 86' lang='lat' dir='ltr'><strong>estet</strong></span> <span class='ocrx_word' id='word_1_88' title='bbox 1370 1058 1742 1130; x_wconf 35' lang='lat' dir='ltr'><strong>promptapad</strong></span> <span class='ocrx_word' id='word_1_89' title='bbox 1776 1057 2004 1112; x_wconf 78' lang='lat' dir='ltr'><strong>salutem</strong></span> 
     </span>
    </p>
   </div>
   <div class='ocr_carea' id='block_1_12' title="bbox 337 1129 2007 1200">
    <p class='ocr_par' dir='ltr' id='par_1_12' title="bbox 337 1129 2007 1200">
     <span class='ocr_line' id='line_1_12' title="bbox 337 1129 2007 1200; baseline -0.004 -11"><span class='ocrx_word' id='word_1_90' title='bbox 337 1142 358 1197; x_wconf 70' lang='lat'><strong>‘3</strong></span> <span class='ocrx_word' id='word_1_91' title='bbox 422 1132 876 1189; x_wconf 82' lang='lat' dir='ltr'><strong>reminiscendam</strong></span> <span class='ocrx_word' id='word_1_92' title='bbox 912 1134 1079 1188; x_wconf 77' lang='lat' dir='ltr'><strong>&#39;nimis</strong></span> <span class='ocrx_word' id='word_1_93' title='bbox 1093 1129 1335 1189; x_wconf 78' lang='lat' dir='ltr'><strong>.difﬂcilis</strong></span> <span class='ocrx_word' id='word_1_94' title='bbox 1362 1129 1416 1185; x_wconf 87' lang='lat' dir='ltr'><strong>et</strong></span> <span class='ocrx_word' id='word_1_95' title='bbox 1453 1130 1618 1200; x_wconf 87' lang='lat' dir='ltr'><strong>pigra.</strong></span> <span class='ocrx_word' id='word_1_96' title='bbox 1655 1129 1894 1199; x_wconf 86' lang='lat' dir='ltr'><strong>Longum</strong></span> <span class='ocrx_word' id='word_1_97' title='bbox 1924 1135 2007 1183; x_wconf 90' lang='lat' dir='ltr'><strong>est</strong></span> 
     </span>
    </p>
   </div>
   <div class='ocr_carea' id='block_1_13' title="bbox 422 1200 2001 1275">
    <p class='ocr_par' dir='ltr' id='par_1_13' title="bbox 422 1200 2001 1275">
     <span class='ocr_line' id='line_1_13' title="bbox 422 1200 2001 1275; baseline -0.005 -16"><span class='ocrx_word' id='word_1_98' title='bbox 422 1218 742 1260; x_wconf 89' lang='lat' dir='ltr'><strong>enumerare</strong></span> <span class='ocrx_word' id='word_1_99' title='bbox 788 1202 995 1275; x_wconf 76' lang='lat' dir='ltr'><strong>singula</strong></span> <span class='ocrx_word' id='word_1_100' title='bbox 1020 1247 1035 1271; x_wconf 95' lang='lat'><strong>,</strong></span> <span class='ocrx_word' id='word_1_101' title='bbox 1059 1201 1482 1275; x_wconf 87' lang='lat' dir='ltr'><strong>gastrimargiam</strong></span> <span class='ocrx_word' id='word_1_102' title='bbox 1506 1243 1520 1265; x_wconf 89' lang='lat'><strong>,</strong></span> <span class='ocrx_word' id='word_1_103' title='bbox 1550 1200 1961 1275; x_wconf 85' lang='lat' dir='ltr'><strong>somnolentiam</strong></span> <span class='ocrx_word' id='word_1_104' title='bbox 1985 1240 2001 1265; x_wconf 90' lang='lat'><strong>,</strong></span> 
     </span>
    </p>
   </div>
   <div class='ocr_carea' id='block_1_14' title="bbox 423 1270 2003 1347">
    <p class='ocr_par' dir='ltr' id='par_1_14' title="bbox 423 1270 2003 1347">
     <span class='ocr_line' id='line_1_14' title="bbox 423 1270 2003 1347; baseline -0.005 -17"><span class='ocrx_word' id='word_1_105' title='bbox 423 1275 721 1347; x_wconf 77' lang='lat' dir='ltr'><strong>levitatem,</strong></span> <span class='ocrx_word' id='word_1_106' title='bbox 742 1270 1158 1347; x_wconf 63' lang='lat' dir='ltr'><strong>impatientiam,</strong></span> <span class='ocrx_word' id='word_1_107' title='bbox 1192 1270 1580 1347; x_wconf 28' lang='lat' dir='ltr'><strong>cenodor‘iamt</strong></span> <span class='ocrx_word' id='word_1_108' title='bbox 1594 1270 2003 1347; x_wconf 79' lang='lat' dir='ltr'><strong>detractionem,</strong></span> 
     </span>
    </p>
   </div>
   <div class='ocr_carea' id='block_1_15' title="bbox 422 1340 2005 1414">
    <p class='ocr_par' dir='ltr' id='par_1_15' title="bbox 422 1340 2005 1414">
     <span class='ocr_line' id='line_1_15' title="bbox 422 1340 2005 1414; baseline -0.003 -14"><span class='ocrx_word' id='word_1_109' title='bbox 422 1340 862 1409; x_wconf 22' lang='lat' dir='ltr'><strong>inobedien’tiam&#39;,</strong></span> <span class='ocrx_word' id='word_1_110' title='bbox 893 1352 947 1401; x_wconf 91' lang='lat' dir='ltr'><strong>et</strong></span> <span class='ocrx_word' id='word_1_111' title='bbox 972 1354 1164 1402; x_wconf 77' lang='lat' dir='ltr'><strong>czetera</strong></span> <span class='ocrx_word' id='word_1_112' title='bbox 1191 1344 1315 1414; x_wconf 81' lang='lat' dir='ltr'><strong>vitia</strong></span> <span class='ocrx_word' id='word_1_113' title='bbox 1338 1342 1527 1414; x_wconf 87' lang='lat' dir='ltr'><strong>quibus</strong></span> <span class='ocrx_word' id='word_1_114' title='bbox 1557 1343 1691 1414; x_wconf 83' lang='lat' dir='ltr'><strong>facta</strong></span> <span class='ocrx_word' id='word_1_115' title='bbox 1713 1350 1795 1397; x_wconf 90' lang='lat' dir='ltr'><strong>est</strong></span> <span class='ocrx_word' id='word_1_116' title='bbox 1824 1340 2005 1414; x_wconf 78' lang='lat' dir='ltr'><strong>infelix</strong></span> 
     </span>
    </p>
   </div>
   <div class='ocr_carea' id='block_1_16' title="bbox 421 1412 2003 1487">
    <p class='ocr_par' dir='ltr' id='par_1_16' title="bbox 421 1412 2003 1487">
     <span class='ocr_line' id='line_1_16' title="bbox 421 1412 2003 1487; baseline -0.004 -16"><span class='ocrx_word' id='word_1_117' title='bbox 421 1417 600 1472; x_wconf 80' lang='lat' dir='ltr'><strong>anima</strong></span> <span class='ocrx_word' id='word_1_118' title='bbox 645 1432 765 1473; x_wconf 88' lang='lat' dir='ltr'><strong>mea</strong></span> <span class='ocrx_word' id='word_1_119' title='bbox 801 1417 1111 1487; x_wconf 87' lang='lat' dir='ltr'><strong>quotldiano</strong></span> <span class='ocrx_word' id='word_1_120' title='bbox 1138 1412 1403 1487; x_wconf 82' lang='lat' dir='ltr'><strong>ludibrio,</strong></span> <span class='ocrx_word' id='word_1_121' title='bbox 1434 1414 1625 1487; x_wconf 77' lang='lat' dir='ltr'><strong>quibus</strong></span> <span class='ocrx_word' id='word_1_122' title='bbox 1654 1412 1966 1487; x_wconf 71' lang='lat' dir='ltr'><strong>distrahitur</strong></span> <span class='ocrx_word' id='word_1_123' title='bbox 1988 1452 2003 1477; x_wconf 96' lang='lat'><strong>,</strong></span> 
     </span>
    </p>
   </div>
   <div class='ocr_carea' id='block_1_17' title="bbox 422 1484 2008 1558">
    <p class='ocr_par' dir='ltr' id='par_1_17' title="bbox 422 1484 2008 1558">
     <span class='ocr_line' id='line_1_17' title="bbox 422 1484 2008 1558; baseline -0.003 -16"><span class='ocrx_word' id='word_1_124' title='bbox 422 1489 769 1544; x_wconf 82' lang='lat' dir='ltr'><strong>conculcatur</strong></span> <span class='ocrx_word' id='word_1_125' title='bbox 791 1484 845 1543; x_wconf 79' lang='lat' dir='ltr'><strong>et</strong></span> <span class='ocrx_word' id='word_1_126' title='bbox 868 1487 1126 1558; x_wconf 86' lang='lat' dir='ltr'><strong>perditur.</strong></span> <span class='ocrx_word' id='word_1_127' title='bbox 1152 1486 1345 1558; x_wconf 84' lang='lat' dir='ltr'><strong>Libera</strong></span> <span class='ocrx_word' id='word_1_128' title='bbox 1362 1500 1503 1558; x_wconf 80' lang='lat' dir='ltr'><strong>eam,</strong></span> <span class='ocrx_word' id='word_1_129' title='bbox 1516 1484 1760 1558; x_wconf 80' lang='lat' dir='ltr'><strong>Domine,</strong></span> <span class='ocrx_word' id='word_1_130' title='bbox 1775 1498 2008 1558; x_wconf 76' lang='lat' dir='ltr'><strong>exonera</strong></span> 
     </span>
    </p>
   </div>
   <div class='ocr_carea' id='block_1_18' title="bbox 420 1550 2009 1632">
    <p class='ocr_par' dir='ltr' id='par_1_18' title="bbox 420 1550 2009 1632">
     <span class='ocr_line' id='line_1_18' title="bbox 420 1550 2009 1632; baseline -0.001 -20"><span class='ocrx_word' id='word_1_131' title='bbox 420 1558 566 1632; x_wconf 74' lang='lat' dir='ltr'><strong>mole</strong></span> <span class='ocrx_word' id='word_1_132' title='bbox 592 1550 931 1632; x_wconf 74' lang='lat' dir='ltr'><strong>peccatorum</strong></span> <span class='ocrx_word' id='word_1_133' title='bbox 966 1559 1209 1632; x_wconf 81' lang='lat' dir='ltr'><strong>obrutam</strong></span> <span class='ocrx_word' id='word_1_134' title='bbox 1234 1557 1419 1632; x_wconf 67' lang='lat' dir='ltr'><strong>;_solve</strong></span> <span class='ocrx_word' id='word_1_135' title='bbox 1446 1555 1757 1632; x_wconf 84' lang='lat' dir='ltr'><strong>delictorum</strong></span> <span class='ocrx_word' id='word_1_136' title='bbox 1794 1550 2009 1610; x_wconf 89' lang='lat' dir='ltr'><strong>funibus</strong></span> 
     </span>
    </p>
   </div>
   <div class='ocr_carea' id='block_1_19' title="bbox 421 1615 2006 1700">
    <p class='ocr_par' dir='ltr' id='par_1_19' title="bbox 421 1615 2006 1700">
     <span class='ocr_line' id='line_1_19' title="bbox 421 1615 2006 1700; baseline -0.003 -17"><span class='ocrx_word' id='word_1_137' title='bbox 421 1615 663 1700; x_wconf 72' lang='lat' dir='ltr'><strong>ligatam,</strong></span> <span class='ocrx_word' id='word_1_138' title='bbox 689 1629 881 1700; x_wconf 73' lang='lat' dir='ltr'><strong>expedi</strong></span> <span class='ocrx_word' id='word_1_139' title='bbox 905 1628 1216 1684; x_wconf 87' lang='lat' dir='ltr'><strong>criminibus</strong></span> <span class='ocrx_word' id='word_1_140' title='bbox 1236 1615 1525 1700; x_wconf 50' lang='lat' dir='ltr'><strong>inﬁnitam,</strong></span> <span class='ocrx_word' id='word_1_141' title='bbox 1550 1627 1693 1696; x_wconf 88' lang='lat' dir='ltr'><strong>erige</strong></span> <span class='ocrx_word' id='word_1_142' title='bbox 1719 1626 2006 1700; x_wconf 68' lang='lat' dir='ltr'><strong>iacentem,</strong></span> 
     </span>
    </p>
   </div>
   <div class='ocr_carea' id='block_1_20' title="bbox 424 1696 2010 1769">
    <p class='ocr_par' dir='ltr' id='par_1_20' title="bbox 424 1696 2010 1769">
     <span class='ocr_line' id='line_1_20' title="bbox 424 1696 2010 1769; baseline -0.005 -13"><span class='ocrx_word' id='word_1_143' title='bbox 424 1696 630 1756; x_wconf 76' lang='lat' dir='ltr'><strong>sustine</strong></span> <span class='ocrx_word' id='word_1_144' title='bbox 652 1696 953 1766; x_wconf 78' lang='lat' dir='ltr'><strong>nutantem,</strong></span> <span class='ocrx_word' id='word_1_145' title='bbox 982 1701 1187 1755; x_wconf 90' lang='lat' dir='ltr'><strong>instrue</strong></span> <span class='ocrx_word' id='word_1_146' title='bbox 1214 1698 1578 1769; x_wconf 87' lang='lat' dir='ltr'><strong>spiritualibus</strong></span> <span class='ocrx_word' id='word_1_147' title='bbox 1604 1696 1769 1751; x_wconf 90' lang='lat' dir='ltr'><strong>armis</strong></span> <span class='ocrx_word' id='word_1_148' title='bbox 1796 1697 2010 1750; x_wconf 91' lang='lat' dir='ltr'><strong>virtuti-</strong></span> 
     </span>
    </p>
   </div>
   <div class='ocr_carea' id='block_1_21' title="bbox 422 1771 2009 1841">
    <p class='ocr_par' dir='ltr' id='par_1_21' title="bbox 422 1771 2009 1841">
     <span class='ocr_line' id='line_1_21' title="bbox 422 1771 2009 1841; baseline -0.003 -16"><span class='ocrx_word' id='word_1_149' title='bbox 422 1771 524 1826; x_wconf 85' lang='lat' dir='ltr'><strong>bus</strong></span> <span class='ocrx_word' id='word_1_150' title='bbox 553 1773 811 1826; x_wconf 89' lang='lat' dir='ltr'><strong>inermem</strong></span> <span class='ocrx_word' id='word_1_151' title='bbox 835 1813 851 1838; x_wconf 88' lang='lat'><strong>,</strong></span> <span class='ocrx_word' id='word_1_152' title='bbox 880 1779 999 1841; x_wconf 91' lang='lat' dir='ltr'><strong>tege</strong></span> <span class='ocrx_word' id='word_1_153' title='bbox 1028 1780 1082 1825; x_wconf 91' lang='lat' dir='ltr'><strong>et</strong></span> <span class='ocrx_word' id='word_1_154' title='bbox 1124 1779 1342 1841; x_wconf 90' lang='lat' dir='ltr'><strong>protegc</strong></span> <span class='ocrx_word' id='word_1_155' title='bbox 1364 1777 1697 1841; x_wconf 80' lang='lat' dir='ltr'><strong>pugnantem</strong></span> <span class='ocrx_word' id='word_1_156' title='bbox 1724 1810 1737 1830; x_wconf 93' lang='lat'><strong>,</strong></span> <span class='ocrx_word' id='word_1_157' title='bbox 1766 1780 2009 1836; x_wconf 75' lang='lat' dir='ltr'><strong>expugna</strong></span> 
     </span>
    </p>
   </div>
   <div class='ocr_carea' id='block_1_22' title="bbox 423 1837 2009 1913">
    <p class='ocr_par' dir='ltr' id='par_1_22' title="bbox 423 1837 2009 1913">
     <span class='ocr_line' id='line_1_22' title="bbox 423 1837 2009 1913; baseline -0.003 -18"><span class='ocrx_word' id='word_1_158' title='bbox 423 1841 843 1913; x_wconf 77' lang='lat' dir='ltr'><strong>impugnantcm.</strong></span> <span class='ocrx_word' id='word_1_159' title='bbox 872 1837 1000 1897; x_wconf 78' lang='lat' dir='ltr'><strong>Jesu</strong></span> <span class='ocrx_word' id='word_1_160' title='bbox 1028 1837 1188 1913; x_wconf 68' lang='lat' dir='ltr'><strong>bone,</strong></span> <span class='ocrx_word' id='word_1_161' title='bbox 1217 1837 1338 1913; x_wconf 85' lang='lat' dir='ltr'><strong>vide</strong></span> <span class='ocrx_word' id='word_1_162' title='bbox 1363 1837 1721 1913; x_wconf 70' lang='lat' dir='ltr'><strong>humilitatem</strong></span> <span class='ocrx_word' id='word_1_163' title='bbox 1753 1852 1926 1892; x_wconf 86' lang='lat' dir='ltr'><strong>meam</strong></span> <span class='ocrx_word' id='word_1_164' title='bbox 1956 1845 2009 1913; x_wconf 77' lang='lat' dir='ltr'><strong>et</strong></span> 
     </span>
    </p>
   </div>
   <div class='ocr_carea' id='block_1_23' title="bbox 422 1907 2013 1980">
    <p class='ocr_par' dir='ltr' id='par_1_23' title="bbox 422 1907 2013 1980">
     <span class='ocr_line' id='line_1_23' title="bbox 422 1907 2013 1980; baseline -0.003 -14"><span class='ocrx_word' id='word_1_165' title='bbox 422 1907 664 1967; x_wconf 74' lang='lat' dir='ltr'><strong>laborem</strong></span> <span class='ocrx_word' id='word_1_166' title='bbox 691 1927 869 1969; x_wconf 89' lang='lat' dir='ltr'><strong>meum</strong></span> <span class='ocrx_word' id='word_1_167' title='bbox 892 1954 906 1980; x_wconf 92' lang='lat'><strong>,</strong></span> <span class='ocrx_word' id='word_1_168' title='bbox 930 1921 984 1968; x_wconf 90' lang='lat' dir='ltr'><strong>et</strong></span> <span class='ocrx_word' id='word_1_169' title='bbox 1008 1911 1218 1967; x_wconf 90' lang='lat' dir='ltr'><strong>dimitte</strong></span> <span class='ocrx_word' id='word_1_170' title='bbox 1243 1912 1489 1965; x_wconf 89' lang='lat' dir='ltr'><strong>universa</strong></span> <span class='ocrx_word' id='word_1_171' title='bbox 1516 1909 1708 1964; x_wconf 90' lang='lat' dir='ltr'><strong>delicta</strong></span> <span class='ocrx_word' id='word_1_172' title='bbox 1739 1907 2013 1980; x_wconf 84' lang='lat' dir='ltr'><strong>mea.Ad-</strong></span> 
     </span>
    </p>
   </div>
   <div class='ocr_carea' id='block_1_24' title="bbox 420 1978 2011 2053">
    <p class='ocr_par' dir='ltr' id='par_1_24' title="bbox 420 1978 2011 2053">
     <span class='ocr_line' id='line_1_24' title="bbox 420 1978 2011 2053; baseline -0.003 -16"><span class='ocrx_word' id='word_1_173' title='bbox 420 1981 569 2052; x_wconf 86' lang='lat' dir='ltr'><strong>jutor</strong></span> <span class='ocrx_word' id='word_1_174' title='bbox 594 1998 744 2039; x_wconf 91' lang='lat' dir='ltr'><strong>meus</strong></span> <span class='ocrx_word' id='word_1_175' title='bbox 772 1978 910 2051; x_wconf 87' lang='lat' dir='ltr'><strong>esto,</strong></span> <span class='ocrx_word' id='word_1_176' title='bbox 941 1999 1011 2038; x_wconf 91' lang='lat' dir='ltr'><strong>ne</strong></span> <span class='ocrx_word' id='word_1_177' title='bbox 1040 1983 1379 2053; x_wconf 85' lang='lat' dir='ltr'><strong>derelinquas</strong></span> <span class='ocrx_word' id='word_1_178' title='bbox 1406 1996 1511 2048; x_wconf 91' lang='lat' dir='ltr'><strong>me,</strong></span> <span class='ocrx_word' id='word_1_179' title='bbox 1538 1994 1713 2053; x_wconf 87' lang='lat' dir='ltr'><strong>neque</strong></span> <span class='ocrx_word' id='word_1_180' title='bbox 1742 1978 2011 2053; x_wconf 84' lang='lat' dir='ltr'><strong>despicias</strong></span> 
     </span>
    </p>
   </div>
   <div class='ocr_carea' id='block_1_25' title="bbox 421 2050 2012 2120">
    <p class='ocr_par' dir='ltr' id='par_1_25' title="bbox 421 2050 2012 2120">
     <span class='ocr_line' id='line_1_25' title="bbox 421 2050 2012 2120; baseline -0.003 -12"><span class='ocrx_word' id='word_1_181' title='bbox 421 2050 531 2120; x_wconf 78' lang='lat' dir='ltr'><strong>ine;</strong></span> <span class='ocrx_word' id='word_1_182' title='bbox 555 2054 648 2109; x_wconf 91' lang='lat' dir='ltr'><strong>sed</strong></span> <span class='ocrx_word' id='word_1_183' title='bbox 673 2054 806 2111; x_wconf 89' lang='lat' dir='ltr'><strong>doce</strong></span> <span class='ocrx_word' id='word_1_184' title='bbox 829 2050 916 2110; x_wconf 90' lang='lat' dir='ltr'><strong>me</strong></span> <span class='ocrx_word' id='word_1_185' title='bbox 937 2055 1110 2110; x_wconf 89' lang='lat' dir='ltr'><strong>facere</strong></span> <span class='ocrx_word' id='word_1_186' title='bbox 1138 2050 1465 2108; x_wconf 83' lang='lat' dir='ltr'><strong>voluntatem</strong></span> <span class='ocrx_word' id='word_1_187' title='bbox 1494 2050 1661 2107; x_wconf 88' lang='lat' dir='ltr'><strong>tuam.</strong></span> <span class='ocrx_word' id='word_1_188' title='bbox 1679 2050 1868 2104; x_wconf 79' lang='lat' dir='ltr'><strong>Anima</strong></span> <span class='ocrx_word' id='word_1_189' title='bbox 1894 2065 2012 2105; x_wconf 88' lang='lat' dir='ltr'><strong>mea</strong></span> 
     </span>
    </p>
   </div>
   <div class='ocr_carea' id='block_1_26' title="bbox 424 2120 2009 2197">
    <p class='ocr_par' dir='ltr' id='par_1_26' title="bbox 424 2120 2009 2197">
     <span class='ocr_line' id='line_1_26' title="bbox 424 2120 2009 2197; baseline -0.004 -18"><span class='ocrx_word' id='word_1_190' title='bbox 424 2133 670 2197; x_wconf 86' lang='lat' dir='ltr'><strong>testctur,</strong></span> <span class='ocrx_word' id='word_1_191' title='bbox 694 2125 837 2197; x_wconf 91' lang='lat' dir='ltr'><strong>quod</strong></span> <span class='ocrx_word' id='word_1_192' title='bbox 862 2124 1090 2181; x_wconf 85' lang='lat' dir='ltr'><strong>libenter</strong></span> <span class='ocrx_word' id='word_1_193' title='bbox 1112 2139 1177 2197; x_wconf 89' lang='lat' dir='ltr'><strong>os</strong></span> <span class='ocrx_word' id='word_1_194' title='bbox 1204 2124 1503 2197; x_wconf 83' lang='lat' dir='ltr'><strong>confitetur.</strong></span> <span class='ocrx_word' id='word_1_195' title='bbox 1536 2123 1741 2192; x_wconf 83' lang='lat' dir='ltr'><strong>Adjuva</strong></span> <span class='ocrx_word' id='word_1_196' title='bbox 1767 2137 1869 2197; x_wconf 85' lang='lat' dir='ltr'><strong>me,</strong></span> <span class='ocrx_word' id='word_1_197' title='bbox 1909 2120 2009 2173; x_wconf 82' lang='lat' dir='ltr'><strong>Do-</strong></span> 
     </span>
    </p>
   </div>
   <div class='ocr_carea' id='block_1_27' title="bbox 422 2191 2008 2267">
    <p class='ocr_par' dir='ltr' id='par_1_27' title="bbox 422 2191 2008 2267">
     <span class='ocr_line' id='line_1_27' title="bbox 422 2191 2008 2267; baseline -0.004 -16"><span class='ocrx_word' id='word_1_198' title='bbox 422 2196 568 2267; x_wconf 85' lang='lat' dir='ltr'><strong>mine</strong></span> <span class='ocrx_word' id='word_1_199' title='bbox 604 2191 729 2267; x_wconf 66' lang='lat' dir='ltr'><strong>pie,</strong></span> <span class='ocrx_word' id='word_1_200' title='bbox 754 2197 981 2267; x_wconf 85' lang='lat' dir='ltr'><strong>benigne</strong></span> <span class='ocrx_word' id='word_1_201' title='bbox 1005 2203 1061 2251; x_wconf 89' lang='lat' dir='ltr'><strong>et</strong></span> <span class='ocrx_word' id='word_1_202' title='bbox 1080 2196 1317 2267; x_wconf 84' lang='lat' dir='ltr'><strong>clemens</strong></span> <span class='ocrx_word' id='word_1_203' title='bbox 1355 2195 1470 2267; x_wconf 89' lang='lat' dir='ltr'><strong>plus</strong></span> <span class='ocrx_word' id='word_1_204' title='bbox 1500 2208 1658 2263; x_wconf 91' lang='lat' dir='ltr'><strong>quam</strong></span> <span class='ocrx_word' id='word_1_205' title='bbox 1690 2191 1885 2260; x_wconf 88' lang='lat' dir='ltr'><strong>possim</strong></span> <span class='ocrx_word' id='word_1_206' title='bbox 1916 2204 2008 2245; x_wconf 85' lang='lat' dir='ltr'><strong>co-</strong></span> 
     </span>
    </p>
   </div>
   <div class='ocr_carea' id='block_1_28' title="bbox 420 2266 2011 2339">
    <p class='ocr_par' dir='ltr' id='par_1_28' title="bbox 420 2266 2011 2339">
     <span class='ocr_line' id='line_1_28' title="bbox 420 2266 2011 2339; baseline -0.003 -19"><span class='ocrx_word' id='word_1_207' title='bbox 420 2266 636 2339; x_wconf 85' lang='lat' dir='ltr'><strong>gitare:</strong></span> <span class='ocrx_word' id='word_1_208' title='bbox 669 2276 729 2323; x_wconf 90' lang='lat' dir='ltr'><strong>ut</strong></span> <span class='ocrx_word' id='word_1_209' title='bbox 757 2283 863 2323; x_wconf 91' lang='lat' dir='ltr'><strong>non</strong></span> <span class='ocrx_word' id='word_1_210' title='bbox 891 2266 1067 2323; x_wconf 86' lang='lat' dir='ltr'><strong>minus</strong></span> <span class='ocrx_word' id='word_1_211' title='bbox 1106 2266 1209 2321; x_wconf 89' lang='lat' dir='ltr'><strong>hoc</strong></span> <span class='ocrx_word' id='word_1_212' title='bbox 1248 2266 1508 2330; x_wconf 88' lang='lat' dir='ltr'><strong>sentiam,</strong></span> <span class='ocrx_word' id='word_1_213' title='bbox 1539 2278 1699 2332; x_wconf 91' lang='lat' dir='ltr'><strong>quam</strong></span> <span class='ocrx_word' id='word_1_214' title='bbox 1742 2274 2011 2330; x_wconf 81' lang='lat' dir='ltr'><strong>praesumo</strong></span> 
     </span>
    </p>
   </div>
   <div class='ocr_carea' id='block_1_29' title="bbox 422 2352 658 2393">
    <p class='ocr_par' dir='ltr' id='par_1_29' title="bbox 422 2352 658 2393">
     <span class='ocr_line' id='line_1_29' title="bbox 422 2352 658 2393; baseline -0.008 0"><span class='ocrx_word' id='word_1_215' title='bbox 422 2352 577 2393; x_wconf 87' lang='lat' dir='ltr'><strong>suera</strong></span> <span class='ocrx_word' id='word_1_216' title='bbox 584 2354 640 2393; x_wconf 91' lang='lat' dir='ltr'><strong>re</strong></span> <span class='ocrx_word' id='word_1_217' title='bbox 648 2380 658 2391; x_wconf 92' lang='lat'><strong>.</strong></span> 
     </span>
    </p>
   </div>
   <div class='ocr_carea' id='block_1_30' title="bbox 452 2353 2009 2475">
    <p class='ocr_par' dir='ltr' id='par_1_30' title="bbox 452 2353 2009 2475">
     <span class='ocr_line' id='line_1_30' title="bbox 452 2353 2009 2475; baseline -0.006 -9"><span class='ocrx_word' id='word_1_218' title='bbox 452 2353 721 2465; x_wconf 55' lang='grc' dir='ltr'>ρὲἰῖξὺτ</span> <span class='ocrx_word' id='word_1_219' title='bbox 759 2407 847 2463; x_wconf 79' lang='lat' dir='ltr'><strong>Vl.</strong></span> <span class='ocrx_word' id='word_1_220' title='bbox 906 2406 1195 2463; x_wconf 77' lang='lat' dir='ltr'><strong>Peccataris</strong></span> <span class='ocrx_word' id='word_1_221' title='bbox 1232 2405 1545 2461; x_wconf 75' lang='lat' dir='ltr'><strong>discrimina.</strong></span> <span class='ocrx_word' id='word_1_222' title='bbox 1578 2402 1655 2475; x_wconf 89' lang='grc' dir='ltr'><strong>(α)</strong></span> <span class='ocrx_word' id='word_1_223' title='bbox 1700 2402 1745 2459; x_wconf 91' lang='grc' dir='ltr'><strong>Ο</strong></span> <span class='ocrx_word' id='word_1_224' title='bbox 1796 2411 2009 2475; x_wconf 79' lang='lat' dir='ltr'><strong>peccata</strong></span> 
     </span>
    </p>
   </div>
   <div class='ocr_carea' id='block_1_31' title="bbox 422 2474 2009 2548">
    <p class='ocr_par' dir='ltr' id='par_1_31' title="bbox 422 2474 2009 2548">
     <span class='ocr_line' id='line_1_31' title="bbox 422 2474 2009 2548; baseline -0.004 -15"><span class='ocrx_word' id='word_1_225' title='bbox 422 2493 540 2534; x_wconf 88' lang='lat' dir='ltr'><strong>mea</strong></span> <span class='ocrx_word' id='word_1_226' title='bbox 566 2522 581 2546; x_wconf 91' lang='lat'><strong>,</strong></span> <span class='ocrx_word' id='word_1_227' title='bbox 606 2490 793 2548; x_wconf 82' lang='lat' dir='ltr'><strong>magna</strong></span> <span class='ocrx_word' id='word_1_228' title='bbox 836 2478 965 2533; x_wconf 91' lang='lat' dir='ltr'><strong>estis</strong></span> <span class='ocrx_word' id='word_1_229' title='bbox 995 2478 1152 2532; x_wconf 91' lang='lat' dir='ltr'><strong>nimis</strong></span> <span class='ocrx_word' id='word_1_230' title='bbox 1172 2521 1185 2543; x_wconf 92' lang='lat'><strong>,</strong></span> <span class='ocrx_word' id='word_1_231' title='bbox 1212 2476 1379 2530; x_wconf 89' lang='lat' dir='ltr'><strong>multa</strong></span> <span class='ocrx_word' id='word_1_232' title='bbox 1426 2477 1555 2529; x_wconf 82' lang='lat' dir='ltr'><strong>estis</strong></span> <span class='ocrx_word' id='word_1_233' title='bbox 1584 2475 1810 2548; x_wconf 75' lang='lat' dir='ltr'><strong>nimis’!</strong></span> <span class='ocrx_word' id='word_1_234' title='bbox 1838 2474 2009 2548; x_wconf 80' lang='lat' dir='ltr'><strong>Jndex</strong></span> 
     </span>
    </p>
   </div>
   <div class='ocr_carea' id='block_1_32' title="bbox 422 2544 2010 2618">
    <p class='ocr_par' dir='ltr' id='par_1_32' title="bbox 422 2544 2010 2618">
     <span class='ocr_line' id='line_1_32' title="bbox 422 2544 2010 2618; baseline -0.003 -14"><span class='ocrx_word' id='word_1_235' title='bbox 422 2544 736 2606; x_wconf 73' lang='lat' dir='ltr'><strong>terribiliter</strong></span> <span class='ocrx_word' id='word_1_236' title='bbox 760 2549 1033 2604; x_wconf 89' lang='lat' dir='ltr'><strong>districtus</strong></span> <span class='ocrx_word' id='word_1_237' title='bbox 1052 2591 1067 2615; x_wconf 92' lang='lat'><strong>,</strong></span> <span class='ocrx_word' id='word_1_238' title='bbox 1098 2548 1431 2618; x_wconf 70' lang='lat' dir='ltr'><strong>inmqunliler</strong></span> <span class='ocrx_word' id='word_1_239' title='bbox 1458 2560 1716 2618; x_wconf 88' lang='lat' dir='ltr'><strong>severus,</strong></span> <span class='ocrx_word' id='word_1_240' title='bbox 1745 2544 2010 2618; x_wconf 83' lang='lat' dir='ltr'><strong>immode-</strong></span> 
     </span>
    </p>
   </div>
   <div class='ocr_carea' id='block_1_33' title="bbox 422 2616 2009 2688">
    <p class='ocr_par' dir='ltr' id='par_1_33' title="bbox 422 2616 2009 2688">
     <span class='ocr_line' id='line_1_33' title="bbox 422 2616 2009 2688; baseline -0.003 -13"><span class='ocrx_word' id='word_1_241' title='bbox 422 2630 539 2677; x_wconf 89' lang='lat' dir='ltr'><strong>rate</strong></span> <span class='ocrx_word' id='word_1_242' title='bbox 562 2619 797 2676; x_wconf 73' lang='lat' dir='ltr'><strong>offensus</strong></span> <span class='ocrx_word' id='word_1_243' title='bbox 820 2661 835 2686; x_wconf 94' lang='lat'><strong>,</strong></span> <span class='ocrx_word' id='word_1_244' title='bbox 864 2616 1433 2688; x_wconf 29' lang='lat' dir='ltr'><strong>velletnenter‘iratus,</strong></span> <span class='ocrx_word' id='word_1_245' title='bbox 1470 2617 1731 2673; x_wconf 83' lang='lat' dir='ltr'><strong>sententia</strong></span> <span class='ocrx_word' id='word_1_246' title='bbox 1763 2616 2009 2670; x_wconf 84' lang='lat' dir='ltr'><strong>immuta-</strong></span> 
     </span>
    </p>
   </div>
   <div class='ocr_carea' id='block_1_34' title="bbox 421 2688 2005 2758">
    <p class='ocr_par' dir='ltr' id='par_1_34' title="bbox 421 2688 2005 2758">
     <span class='ocr_line' id='line_1_34' title="bbox 421 2688 2005 2758; baseline -0.004 -13"><span class='ocrx_word' id='word_1_247' title='bbox 421 2691 546 2746; x_wconf 83' lang='lat' dir='ltr'><strong>bilis</strong></span> <span class='ocrx_word' id='word_1_248' title='bbox 568 2734 583 2758; x_wconf 92' lang='lat'><strong>,</strong></span> <span class='ocrx_word' id='word_1_249' title='bbox 611 2706 800 2745; x_wconf 85' lang='lat' dir='ltr'><strong>carcer</strong></span> <span class='ocrx_word' id='word_1_250' title='bbox 832 2690 1183 2745; x_wconf 87' lang='lat' dir='ltr'><strong>irremeabilis</strong></span> <span class='ocrx_word' id='word_1_251' title='bbox 1208 2731 1222 2754; x_wconf 95' lang='lat'><strong>,</strong></span> <span class='ocrx_word' id='word_1_252' title='bbox 1251 2697 1521 2743; x_wconf 85' lang='lat' dir='ltr'><strong>tormenta</strong></span> <span class='ocrx_word' id='word_1_253' title='bbox 1549 2689 1666 2743; x_wconf 89' lang='lat' dir='ltr'><strong>sine</strong></span> <span class='ocrx_word' id='word_1_254' title='bbox 1687 2688 1967 2741; x_wconf 88' lang='lat' dir='ltr'><strong>intervallo</strong></span> <span class='ocrx_word' id='word_1_255' title='bbox 1989 2727 2005 2754; x_wconf 89' lang='lat'><strong>,</strong></span> 
     </span>
    </p>
   </div>
   <div class='ocr_carea' id='block_1_35' title="bbox 424 2759 2009 2831">
    <p class='ocr_par' dir='ltr' id='par_1_35' title="bbox 424 2759 2009 2831">
     <span class='ocr_line' id='line_1_35' title="bbox 424 2759 2009 2831; baseline -0.002 -16"><span class='ocrx_word' id='word_1_256' title='bbox 424 2763 542 2816; x_wconf 89' lang='lat' dir='ltr'><strong>sine</strong></span> <span class='ocrx_word' id='word_1_257' title='bbox 572 2770 1012 2831; x_wconf 87' lang='lat' dir='ltr'><strong>temperamento,</strong></span> <span class='ocrx_word' id='word_1_258' title='bbox 1033 2768 1261 2816; x_wconf 90' lang='lat' dir='ltr'><strong>tortores</strong></span> <span class='ocrx_word' id='word_1_259' title='bbox 1292 2760 1595 2831; x_wconf 89' lang='lat' dir='ltr'><strong>horribiles,</strong></span> <span class='ocrx_word' id='word_1_260' title='bbox 1625 2759 1713 2827; x_wconf 94' lang='lat' dir='ltr'><strong>qui</strong></span> <span class='ocrx_word' id='word_1_261' title='bbox 1738 2774 2009 2826; x_wconf 86' lang='lat' dir='ltr'><strong>nunquam</strong></span> 
     </span>
    </p>
   </div>
   <div class='ocr_carea' id='block_1_36' title="bbox 422 2830 2010 2903">
    <p class='ocr_par' dir='ltr' id='par_1_36' title="bbox 422 2830 2010 2903">
     <span class='ocr_line' id='line_1_36' title="bbox 422 2830 2010 2903; baseline -0.003 -17"><span class='ocrx_word' id='word_1_262' title='bbox 422 2830 741 2903; x_wconf 85' lang='lat' dir='ltr'><strong>lassescunt,</strong></span> <span class='ocrx_word' id='word_1_263' title='bbox 772 2847 1041 2903; x_wconf 78' lang='lat' dir='ltr'><strong>nunquam</strong></span> <span class='ocrx_word' id='word_1_264' title='bbox 1072 2831 1416 2903; x_wconf 79' lang='lat' dir='ltr'><strong>miserentur;</strong></span> <span class='ocrx_word' id='word_1_265' title='bbox 1442 2830 1602 2884; x_wconf 90' lang='lat' dir='ltr'><strong>timor</strong></span> <span class='ocrx_word' id='word_1_266' title='bbox 1627 2844 1775 2903; x_wconf 83' lang='lat' dir='ltr'><strong>reum</strong></span> <span class='ocrx_word' id='word_1_267' title='bbox 1792 2836 2010 2883; x_wconf 86' lang='lat' dir='ltr'><strong>contur—</strong></span> 
     </span>
    </p>
   </div>
   <div class='ocr_carea' id='block_1_37' title="bbox 418 2901 2005 2971">
    <p class='ocr_par' dir='ltr' id='par_1_37' title="bbox 418 2901 2005 2971">
     <span class='ocr_line' id='line_1_37' title="bbox 418 2901 2005 2971; baseline -0.003 -13"><span class='ocrx_word' id='word_1_268' title='bbox 418 2902 513 2958; x_wconf 82' lang='lat' dir='ltr'><strong>bat</strong></span> <span class='ocrx_word' id='word_1_269' title='bbox 541 2946 557 2971; x_wconf 90' lang='lat'><strong>,</strong></span> <span class='ocrx_word' id='word_1_270' title='bbox 585 2901 913 2958; x_wconf 83' lang='lat' dir='ltr'><strong>conscientia</strong></span> <span class='ocrx_word' id='word_1_271' title='bbox 956 2902 1268 2967; x_wconf 85' lang='lat' dir='ltr'><strong>confundit,</strong></span> <span class='ocrx_word' id='word_1_272' title='bbox 1301 2901 1645 2971; x_wconf 87' lang='lat' dir='ltr'><strong>cogitationes</strong></span> <span class='ocrx_word' id='word_1_273' title='bbox 1693 2901 2005 2967; x_wconf 88' lang='lat' dir='ltr'><strong>increpant:</strong></span> 
     </span>
    </p>
   </div>
   <div class='ocr_carea' id='block_1_38' title="bbox 419 2971 2010 3044">
    <p class='ocr_par' dir='ltr' id='par_1_38' title="bbox 419 2971 2010 3044">
     <span class='ocr_line' id='line_1_38' title="bbox 419 2971 2010 3044; baseline -0.001 -17"><span class='ocrx_word' id='word_1_274' title='bbox 419 2972 605 3044; x_wconf 81' lang='lat' dir='ltr'><strong>fugere</strong></span> <span class='ocrx_word' id='word_1_275' title='bbox 651 2990 756 3028; x_wconf 88' lang='lat' dir='ltr'><strong>non</strong></span> <span class='ocrx_word' id='word_1_276' title='bbox 808 2975 952 3029; x_wconf 90' lang='lat' dir='ltr'><strong>licet.</strong></span> <span class='ocrx_word' id='word_1_277' title='bbox 992 2974 1128 3029; x_wconf 88' lang='lat' dir='ltr'><strong>Ecce</strong></span> <span class='ocrx_word' id='word_1_278' title='bbox 1159 2974 1212 3028; x_wconf 89' lang='lat' dir='ltr'><strong>in</strong></span> <span class='ocrx_word' id='word_1_279' title='bbox 1259 2987 1365 3042; x_wconf 91' lang='lat' dir='ltr'><strong>quo</strong></span> <span class='ocrx_word' id='word_1_280' title='bbox 1394 2972 1634 3044; x_wconf 90' lang='lat' dir='ltr'><strong>pericqu</strong></span> <span class='ocrx_word' id='word_1_281' title='bbox 1676 2971 2010 3026; x_wconf 90' lang='lat' dir='ltr'><strong>incessanter</strong></span> 
     </span>
    </p>
   </div>
   <div class='ocr_carea' id='block_1_39' title="bbox 425 3040 2008 3113">
    <p class='ocr_par' dir='ltr' id='par_1_39' title="bbox 425 3040 2008 3113">
     <span class='ocr_line' id='line_1_39' title="bbox 425 3040 2008 3113; baseline -0.003 -13"><span class='ocrx_word' id='word_1_282' title='bbox 425 3040 663 3100; x_wconf 58' lang='lat' dir='ltr'><strong>co&#39;nsisto</strong></span> <span class='ocrx_word' id='word_1_283' title='bbox 697 3062 709 3099; x_wconf 93' lang='lat'>:</span> <span class='ocrx_word' id='word_1_284' title='bbox 741 3045 843 3099; x_wconf 88' lang='lat' dir='ltr'><strong>nisi</strong></span> <span class='ocrx_word' id='word_1_285' title='bbox 872 3046 992 3113; x_wconf 87' lang='lat' dir='ltr'><strong>quia</strong></span> <span class='ocrx_word' id='word_1_286' title='bbox 1022 3059 1128 3099; x_wconf 89' lang='lat' dir='ltr'><strong>non</strong></span> <span class='ocrx_word' id='word_1_287' title='bbox 1154 3040 1366 3113; x_wconf 80' lang='lat' dir='ltr'><strong>semper</strong></span> <span class='ocrx_word' id='word_1_288' title='bbox 1392 3040 1492 3097; x_wconf 74' lang='lat' dir='ltr'><strong>lioe</strong></span> <span class='ocrx_word' id='word_1_289' title='bbox 1520 3040 1717 3113; x_wconf 86' lang='lat' dir='ltr'><strong>cogito;</strong></span> <span class='ocrx_word' id='word_1_290' title='bbox 1742 3056 1806 3096; x_wconf 93' lang='lat' dir='ltr'><strong>eo</strong></span> <span class='ocrx_word' id='word_1_291' title='bbox 1832 3051 2008 3113; x_wconf 85' lang='lat' dir='ltr'><strong>autem</strong></span> 
     </span>
    </p>
   </div>
   <div class='ocr_carea' id='block_1_40' title="bbox 420 3111 2010 3185">
    <p class='ocr_par' dir='ltr' id='par_1_40' title="bbox 420 3111 2010 3185">
     <span class='ocr_line' id='line_1_40' title="bbox 420 3111 2010 3185; baseline -0.003 -15"><span class='ocrx_word' id='word_1_292' title='bbox 420 3116 669 3171; x_wconf 85' lang='lat' dir='ltr'><strong>miserior</strong></span> <span class='ocrx_word' id='word_1_293' title='bbox 692 3125 745 3172; x_wconf 91' lang='lat' dir='ltr'><strong>et</strong></span> <span class='ocrx_word' id='word_1_294' title='bbox 763 3111 1140 3179; x_wconf 81' lang='lat' dir='ltr'><strong>miserabilior,</strong></span> <span class='ocrx_word' id='word_1_295' title='bbox 1155 3111 1535 3185; x_wconf 29' lang='lat' dir='ltr'><strong>quia‘oblivisci</strong></span> <span class='ocrx_word' id='word_1_296' title='bbox 1557 3113 1576 3144; x_wconf 82' lang='grc'>³</span> <span class='ocrx_word' id='word_1_297' title='bbox 1594 3111 1841 3182; x_wconf 79' lang='lat' dir='ltr'><strong>possum.</strong></span> <span class='ocrx_word' id='word_1_298' title='bbox 1859 3111 2010 3185; x_wconf 45' lang='lat' dir='ltr'><strong>Scmf</strong></span> 
     </span>
    </p>
   </div>
   <div class='ocr_carea' id='block_1_41' title="bbox 422 3182 2010 3257">
    <p class='ocr_par' dir='ltr' id='par_1_41' title="bbox 422 3182 2010 3257">
     <span class='ocr_line' id='line_1_41' title="bbox 422 3182 2010 3257; baseline -0.003 -14"><span class='ocrx_word' id='word_1_299' title='bbox 422 3202 519 3257; x_wconf 88' lang='lat' dir='ltr'><strong>per</strong></span> <span class='ocrx_word' id='word_1_300' title='bbox 535 3189 679 3243; x_wconf 89' lang='lat' dir='ltr'><strong>enim</strong></span> <span class='ocrx_word' id='word_1_301' title='bbox 718 3187 862 3243; x_wconf 80' lang='lat' dir='ltr'><strong>videt</strong></span> <span class='ocrx_word' id='word_1_302' title='bbox 889 3187 1029 3243; x_wconf 89' lang='lat' dir='ltr'><strong>Deus</strong></span> <span class='ocrx_word' id='word_1_303' title='bbox 1054 3201 1139 3241; x_wconf 90' lang='lat' dir='ltr'><strong>me</strong></span> <span class='ocrx_word' id='word_1_304' title='bbox 1162 3182 1213 3242; x_wconf 84' lang='lat' dir='ltr'><strong>et</strong></span> <span class='ocrx_word' id='word_1_305' title='bbox 1240 3194 1456 3256; x_wconf 79' lang='lat' dir='ltr'><strong>peccata</strong></span> <span class='ocrx_word' id='word_1_306' title='bbox 1478 3200 1617 3257; x_wconf 77' lang='lat' dir='ltr'><strong>mea,</strong></span> <span class='ocrx_word' id='word_1_307' title='bbox 1648 3200 1859 3252; x_wconf 85' lang='lat' dir='ltr'><strong>semper</strong></span> <span class='ocrx_word' id='word_1_308' title='bbox 1880 3182 2010 3238; x_wconf 86' lang='lat' dir='ltr'><strong>mihi</strong></span> 
     </span>
    </p>
   </div>
   <div class='ocr_carea' id='block_1_42' title="bbox 421 3254 2009 3324">
    <p class='ocr_par' dir='ltr' id='par_1_42' title="bbox 421 3254 2009 3324">
     <span class='ocr_line' id='line_1_42' title="bbox 421 3254 2009 3324; baseline -0.002 -12"><span class='ocrx_word' id='word_1_309' title='bbox 421 3254 697 3315; x_wconf 76' lang='lat' dir='ltr'><strong>intimatur</strong></span> <span class='ocrx_word' id='word_1_310' title='bbox 719 3258 960 3314; x_wconf 90' lang='lat' dir='ltr'><strong>districta</strong></span> <span class='ocrx_word' id='word_1_311' title='bbox 987 3254 1270 3315; x_wconf 53' lang='lat' dir='ltr'><strong>sententia}</strong></span> <span class='ocrx_word' id='word_1_312' title='bbox 1299 3270 1513 3324; x_wconf 85' lang='lat' dir='ltr'><strong>semper</strong></span> <span class='ocrx_word' id='word_1_313' title='bbox 1536 3254 1773 3309; x_wconf 80' lang='lat' dir='ltr'><strong>infernus</strong></span> <span class='ocrx_word' id='word_1_314' title='bbox 1794 3264 2009 3324; x_wconf 87' lang='lat' dir='ltr'><strong>apertus</strong></span> 
     </span>
    </p>
   </div>
   <div class='ocr_carea' id='block_1_43' title="bbox 421 3326 2009 3399">
    <p class='ocr_par' dir='ltr' id='par_1_43' title="bbox 421 3326 2009 3399">
     <span class='ocr_line' id='line_1_43' title="bbox 421 3326 2009 3399; baseline -0.003 -16"><span class='ocrx_word' id='word_1_315' title='bbox 421 3337 477 3384; x_wconf 92' lang='lat' dir='ltr'><strong>et</strong></span> <span class='ocrx_word' id='word_1_316' title='bbox 519 3336 779 3386; x_wconf 90' lang='lat' dir='ltr'><strong>tormenta</strong></span> <span class='ocrx_word' id='word_1_317' title='bbox 830 3338 1047 3399; x_wconf 89' lang='lat' dir='ltr'><strong>parata,</strong></span> <span class='ocrx_word' id='word_1_318' title='bbox 1083 3343 1296 3397; x_wconf 86' lang='lat' dir='ltr'><strong>semper</strong></span> <span class='ocrx_word' id='word_1_319' title='bbox 1340 3327 1632 3399; x_wconf 81' lang='lat' dir='ltr'><strong>invisibiles</strong></span> <span class='ocrx_word' id='word_1_320' title='bbox 1671 3326 2009 3399; x_wconf 74' lang='lat' dir='ltr'><strong>insidiatores</strong></span> 
     </span>
    </p>
   </div>
   <div class='ocr_carea' id='block_1_44' title="bbox 426 3395 2008 3470">
    <p class='ocr_par' dir='ltr' id='par_1_44' title="bbox 426 3395 2008 3470">
     <span class='ocr_line' id='line_1_44' title="bbox 426 3395 2008 3470; baseline -0.003 -16"><span class='ocrx_word' id='word_1_321' title='bbox 426 3402 594 3470; x_wconf 88' lang='lat' dir='ltr'><strong>parati</strong></span> <span class='ocrx_word' id='word_1_322' title='bbox 621 3445 636 3468; x_wconf 95' lang='lat'><strong>,</strong></span> <span class='ocrx_word' id='word_1_323' title='bbox 661 3410 719 3456; x_wconf 86' lang='lat' dir='ltr'><strong>ut</strong></span> <span class='ocrx_word' id='word_1_324' title='bbox 758 3395 882 3456; x_wconf 84' lang='lat' dir='ltr'><strong>illuc</strong></span> <span class='ocrx_word' id='word_1_325' title='bbox 907 3402 1115 3469; x_wconf 88' lang='lat' dir='ltr'><strong>rapiant</strong></span> <span class='ocrx_word' id='word_1_326' title='bbox 1148 3395 1396 3453; x_wconf 85' lang='lat' dir='ltr'><strong>miseram</strong></span> <span class='ocrx_word' id='word_1_327' title='bbox 1428 3397 1659 3470; x_wconf 82' lang='lat' dir='ltr'><strong>animam</strong></span> <span class='ocrx_word' id='word_1_328' title='bbox 1692 3412 1885 3470; x_wconf 85' lang='lat' dir='ltr'><strong>meam.</strong></span> <span class='ocrx_word' id='word_1_329' title='bbox 1918 3395 2008 3451; x_wconf 88' lang='lat' dir='ltr'><strong>Sic</strong></span> 
     </span>
    </p>
   </div>
   <div class='ocr_carea' id='block_1_45' title="bbox 422 3466 2007 3544">
    <p class='ocr_par' dir='ltr' id='par_1_45' title="bbox 422 3466 2007 3544">
     <span class='ocr_line' id='line_1_45' title="bbox 422 3466 2007 3544; baseline -0.004 -17"><span class='ocrx_word' id='word_1_330' title='bbox 422 3466 540 3527; x_wconf 79' lang='lat' dir='ltr'><strong>sum</strong></span> <span class='ocrx_word' id='word_1_331' title='bbox 566 3466 775 3544; x_wconf 88' lang='lat' dir='ltr'><strong>positus</strong></span> <span class='ocrx_word' id='word_1_332' title='bbox 803 3486 925 3544; x_wconf 88' lang='lat' dir='ltr'><strong>cum</strong></span> <span class='ocrx_word' id='word_1_333' title='bbox 948 3466 1131 3539; x_wconf 79' lang='lat' dir='ltr'><strong>vigilo,</strong></span> <span class='ocrx_word' id='word_1_334' title='bbox 1157 3470 1233 3544; x_wconf 78' lang='lat' dir='ltr'><strong>sic</strong></span> <span class='ocrx_word' id='word_1_335' title='bbox 1258 3484 1375 3523; x_wconf 90' lang='lat' dir='ltr'><strong>sum</strong></span> <span class='ocrx_word' id='word_1_336' title='bbox 1393 3483 1514 3544; x_wconf 77' lang='lat' dir='ltr'><strong>cum</strong></span> <span class='ocrx_word' id='word_1_337' title='bbox 1541 3467 1767 3523; x_wconf 86' lang='lat' dir='ltr'><strong>dormio.</strong></span> <span class='ocrx_word' id='word_1_338' title='bbox 1791 3466 1867 3520; x_wconf 89' lang='lat' dir='ltr'><strong>sic</strong></span> <span class='ocrx_word' id='word_1_339' title='bbox 1890 3482 2007 3520; x_wconf 91' lang='lat' dir='ltr'><strong>sum</strong></span> 
     </span>
    </p>
   </div>
   <div class='ocr_carea' id='block_1_46' title="bbox 422 3538 2007 3608">
    <p class='ocr_par' dir='ltr' id='par_1_46' title="bbox 422 3538 2007 3608">
     <span class='ocr_line' id='line_1_46' title="bbox 422 3538 2007 3608; baseline -0.004 -11"><span class='ocrx_word' id='word_1_340' title='bbox 422 3556 543 3597; x_wconf 92' lang='lat' dir='ltr'><strong>cum</strong></span> <span class='ocrx_word' id='word_1_341' title='bbox 569 3538 723 3597; x_wconf 66' lang='lat' dir='ltr'><strong>&#39;rideo</strong></span> <span class='ocrx_word' id='word_1_342' title='bbox 745 3584 759 3607; x_wconf 89' lang='lat'><strong>,</strong></span> <span class='ocrx_word' id='word_1_343' title='bbox 792 3542 869 3597; x_wconf 91' lang='lat' dir='ltr'><strong>sic</strong></span> <span class='ocrx_word' id='word_1_344' title='bbox 893 3538 1027 3596; x_wconf 21' lang='lat' dir='ltr'><strong>sumi</strong></span> <span class='ocrx_word' id='word_1_345' title='bbox 1049 3555 1169 3595; x_wconf 92' lang='lat' dir='ltr'><strong>cum</strong></span> <span class='ocrx_word' id='word_1_346' title='bbox 1198 3540 1353 3593; x_wconf 82' lang='lat' dir='ltr'><strong>laetor</strong></span> <span class='ocrx_word' id='word_1_347' title='bbox 1376 3580 1390 3602; x_wconf 94' lang='lat'><strong>,</strong></span> <span class='ocrx_word' id='word_1_348' title='bbox 1425 3538 1500 3591; x_wconf 91' lang='lat' dir='ltr'><strong>sic</strong></span> <span class='ocrx_word' id='word_1_349' title='bbox 1527 3554 1642 3592; x_wconf 91' lang='lat' dir='ltr'><strong>sum</strong></span> <span class='ocrx_word' id='word_1_350' title='bbox 1666 3552 1790 3608; x_wconf 89' lang='lat' dir='ltr'><strong>cum</strong></span> <span class='ocrx_word' id='word_1_351' title='bbox 1818 3553 2007 3608; x_wconf 84' lang='lat' dir='ltr'><strong>super-</strong></span> 
     </span>
    </p>
   </div>
   <div class='ocr_carea' id='block_1_47' title="bbox 418 3607 2010 3677">
    <p class='ocr_par' dir='ltr' id='par_1_47' title="bbox 418 3607 2010 3677">
     <span class='ocr_line' id='line_1_47' title="bbox 418 3607 2010 3677; baseline -0.003 -10"><span class='ocrx_word' id='word_1_352' title='bbox 418 3613 511 3667; x_wconf 86' lang='lat' dir='ltr'><strong>bio</strong></span> <span class='ocrx_word' id='word_1_353' title='bbox 529 3655 543 3677; x_wconf 89' lang='lat'><strong>,</strong></span> <span class='ocrx_word' id='word_1_354' title='bbox 576 3613 654 3667; x_wconf 90' lang='lat' dir='ltr'><strong>sic</strong></span> <span class='ocrx_word' id='word_1_355' title='bbox 674 3628 790 3667; x_wconf 89' lang='lat' dir='ltr'><strong>sum</strong></span> <span class='ocrx_word' id='word_1_356' title='bbox 817 3628 937 3667; x_wconf 91' lang='lat' dir='ltr'><strong>cum</strong></span> <span class='ocrx_word' id='word_1_357' title='bbox 966 3609 1188 3665; x_wconf 90' lang='lat' dir='ltr'><strong>detraho</strong></span> <span class='ocrx_word' id='word_1_358' title='bbox 1213 3651 1225 3674; x_wconf 91' lang='lat'><strong>,</strong></span> <span class='ocrx_word' id='word_1_359' title='bbox 1256 3611 1334 3664; x_wconf 90' lang='lat' dir='ltr'><strong>sic</strong></span> <span class='ocrx_word' id='word_1_360' title='bbox 1366 3623 1481 3663; x_wconf 89' lang='lat' dir='ltr'><strong>smn</strong></span> <span class='ocrx_word' id='word_1_361' title='bbox 1504 3623 1624 3661; x_wconf 90' lang='lat' dir='ltr'><strong>cum</strong></span> <span class='ocrx_word' id='word_1_362' title='bbox 1662 3607 1901 3673; x_wconf 88' lang='lat' dir='ltr'><strong>irascor,</strong></span> <span class='ocrx_word' id='word_1_363' title='bbox 1930 3608 2010 3663; x_wconf 90' lang='lat' dir='ltr'><strong>sic</strong></span> 
     </span>
    </p>
   </div>
   <div class='ocr_carea' id='block_1_48' title="bbox 422 3678 2010 3747">
    <p class='ocr_par' dir='ltr' id='par_1_48' title="bbox 422 3678 2010 3747">
     <span class='ocr_line' id='line_1_48' title="bbox 422 3678 2010 3747; baseline -0.003 -10"><span class='ocrx_word' id='word_1_364' title='bbox 422 3697 540 3737; x_wconf 90' lang='lat' dir='ltr'><strong>sum</strong></span> <span class='ocrx_word' id='word_1_365' title='bbox 582 3698 701 3737; x_wconf 89' lang='lat' dir='ltr'><strong>cum</strong></span> <span class='ocrx_word' id='word_1_366' title='bbox 735 3685 917 3736; x_wconf 91' lang='lat' dir='ltr'><strong>tristor</strong></span> <span class='ocrx_word' id='word_1_367' title='bbox 942 3723 955 3742; x_wconf 90' lang='lat'><strong>,</strong></span> <span class='ocrx_word' id='word_1_368' title='bbox 980 3682 1057 3735; x_wconf 90' lang='lat' dir='ltr'><strong>sic</strong></span> <span class='ocrx_word' id='word_1_369' title='bbox 1085 3694 1201 3733; x_wconf 88' lang='lat' dir='ltr'><strong>sum</strong></span> <span class='ocrx_word' id='word_1_370' title='bbox 1233 3695 1352 3734; x_wconf 91' lang='lat' dir='ltr'><strong>cum</strong></span> <span class='ocrx_word' id='word_1_371' title='bbox 1392 3678 1611 3733; x_wconf 89' lang='lat' dir='ltr'><strong>delicias</strong></span> <span class='ocrx_word' id='word_1_372' title='bbox 1640 3678 1880 3747; x_wconf 88' lang='lat' dir='ltr'><strong>corporis</strong></span> <span class='ocrx_word' id='word_1_373' title='bbox 1911 3679 2010 3733; x_wconf 81' lang='lat' dir='ltr'><strong>mi—</strong></span> 
     </span>
    </p>
   </div>
   <div class='ocr_carea' id='block_1_49' title="bbox 420 3750 2007 3821">
    <p class='ocr_par' dir='ltr' id='par_1_49' title="bbox 420 3750 2007 3821">
     <span class='ocr_line' id='line_1_49' title="bbox 420 3750 2007 3821; baseline -0.003 -13"><span class='ocrx_word' id='word_1_374' title='bbox 420 3753 663 3808; x_wconf 83' lang='lat' dir='ltr'><strong>serabilis</strong></span> <span class='ocrx_word' id='word_1_375' title='bbox 701 3752 1031 3821; x_wconf 88' lang='lat' dir='ltr'><strong>amplector!</strong></span> <span class='ocrx_word' id='word_1_376' title='bbox 1064 3750 1292 3819; x_wconf 89' lang='lat' dir='ltr'><strong>denique</strong></span> <span class='ocrx_word' id='word_1_377' title='bbox 1313 3752 1388 3803; x_wconf 91' lang='lat' dir='ltr'><strong>sic</strong></span> <span class='ocrx_word' id='word_1_378' title='bbox 1414 3764 1530 3804; x_wconf 91' lang='lat' dir='ltr'><strong>sum</strong></span> <span class='ocrx_word' id='word_1_379' title='bbox 1561 3763 1773 3821; x_wconf 82' lang='lat' dir='ltr'><strong>semper</strong></span> <span class='ocrx_word' id='word_1_380' title='bbox 1800 3758 1854 3821; x_wconf 84' lang='lat' dir='ltr'><strong>et</strong></span> <span class='ocrx_word' id='word_1_381' title='bbox 1888 3750 2007 3805; x_wconf 85' lang='lat' dir='ltr'><strong>ubi-</strong></span> 
     </span>
    </p>
   </div>
   <div class='ocr_carea' id='block_1_50' title="bbox 422 3818 2005 3893">
    <p class='ocr_par' dir='ltr' id='par_1_50' title="bbox 422 3818 2005 3893">
     <span class='ocr_line' id='line_1_50' title="bbox 422 3818 2005 3893; baseline -0.002 -15"><span class='ocrx_word' id='word_1_382' title='bbox 422 3839 545 3893; x_wconf 91' lang='lat' dir='ltr'><strong>que.</strong></span> <span class='ocrx_word' id='word_1_383' title='bbox 579 3823 692 3878; x_wconf 84' lang='lat' dir='ltr'><strong>lleu</strong></span> <span class='ocrx_word' id='word_1_384' title='bbox 715 3818 805 3877; x_wconf 82' lang='lat' dir='ltr'><strong>me</strong></span> <span class='ocrx_word' id='word_1_385' title='bbox 826 3823 1099 3886; x_wconf 89' lang='lat' dir='ltr'><strong>miserum,</strong></span> <span class='ocrx_word' id='word_1_386' title='bbox 1126 3831 1179 3876; x_wconf 91' lang='lat' dir='ltr'><strong>et</strong></span> <span class='ocrx_word' id='word_1_387' title='bbox 1202 3818 1292 3893; x_wconf 78' lang='lat' dir='ltr'><strong>ubi</strong></span> <span class='ocrx_word' id='word_1_388' title='bbox 1315 3835 1452 3885; x_wconf 90' lang='lat' dir='ltr'><strong>sum,</strong></span> <span class='ocrx_word' id='word_1_389' title='bbox 1477 3827 1531 3874; x_wconf 89' lang='lat' dir='ltr'><strong>et</strong></span> <span class='ocrx_word' id='word_1_390' title='bbox 1561 3819 1647 3873; x_wconf 91' lang='lat' dir='ltr'><strong>ubi</strong></span> <span class='ocrx_word' id='word_1_391' title='bbox 1674 3836 1779 3874; x_wconf 92' lang='lat' dir='ltr'><strong>non</strong></span> <span class='ocrx_word' id='word_1_392' title='bbox 1805 3818 1827 3850; x_wconf 67' lang='grc'><strong>⁸</strong></span> <span class='ocrx_word' id='word_1_393' title='bbox 1852 3836 1969 3875; x_wconf 89' lang='lat' dir='ltr'><strong>sum</strong></span> <span class='ocrx_word' id='word_1_394' title='bbox 1989 3861 2005 3889; x_wconf 91' lang='lat'><strong>,</strong></span> 
     </span>
    </p>
   </div>
   <div class='ocr_carea' id='block_1_51' title="bbox 420 3891 1247 3965">
    <p class='ocr_par' dir='ltr' id='par_1_51' title="bbox 420 3891 1247 3965">
     <span class='ocr_line' id='line_1_51' title="bbox 420 3891 1247 3965; baseline -0.001 -19"><span class='ocrx_word' id='word_1_395' title='bbox 420 3891 511 3965; x_wconf 80' lang='lat' dir='ltr'><strong>qui</strong></span> <span class='ocrx_word' id='word_1_396' title='bbox 535 3895 717 3965; x_wconf 81' lang='lat' dir='ltr'><strong>nescio</strong></span> <span class='ocrx_word' id='word_1_397' title='bbox 737 3894 825 3965; x_wconf 87' lang='lat' dir='ltr'><strong>ubi</strong></span> <span class='ocrx_word' id='word_1_398' title='bbox 848 3907 1072 3965; x_wconf 71' lang='lat' dir='ltr'><strong>securus</strong></span> <span class='ocrx_word' id='word_1_399' title='bbox 1092 3891 1247 3946; x_wconf 89' lang='lat' dir='ltr'><strong>sum?</strong></span> 
     </span>
    </p>
   </div>
   <div class='ocr_carea' id='block_1_52' title="bbox 494 3960 2009 4028">
    <p class='ocr_par' dir='ltr' id='par_1_52' title="bbox 494 3960 2009 4028">
     <span class='ocr_line' id='line_1_52' title="bbox 494 3960 2009 4028; baseline -0.002 -9"><span class='ocrx_word' id='word_1_400' title='bbox 494 3960 719 4027; x_wconf 84' lang='lat' dir='ltr'><strong>CAPUT</strong></span> <span class='ocrx_word' id='word_1_401' title='bbox 772 3964 885 4020; x_wconf 77' lang='lat' dir='ltr'><strong>VII.</strong></span> <span class='ocrx_word' id='word_1_402' title='bbox 946 3961 1278 4017; x_wconf 82' lang='lat' dir='ltr'><strong>Peccatorum</strong></span> <span class='ocrx_word' id='word_1_403' title='bbox 1324 3961 1543 4028; x_wconf 84' lang='lat' dir='ltr'><strong>vincula,</strong></span> <span class='ocrx_word' id='word_1_404' title='bbox 1576 3978 1746 4015; x_wconf 83' lang='lat' dir='ltr'><strong>carcer</strong></span> <span class='ocrx_word' id='word_1_405' title='bbox 1786 3970 1832 4015; x_wconf 84' lang='lat' dir='ltr'><strong>et</strong></span> <span class='ocrx_word' id='word_1_406' title='bbox 1874 3971 2009 4016; x_wconf 85' lang='lat' dir='ltr'><strong>tene-</strong></span> 
     </span>
    </p>
   </div>
   <div class='ocr_carea' id='block_1_53' title="bbox 422 4031 2010 4111">
    <p class='ocr_par' dir='ltr' id='par_1_53' title="bbox 422 4031 2010 4111">
     <span class='ocr_line' id='line_1_53' title="bbox 422 4031 2010 4111; baseline -0.003 -19"><span class='ocrx_word' id='word_1_407' title='bbox 422 4036 545 4094; x_wconf 78' lang='lat' dir='ltr'><strong>brrr.</strong></span> <span class='ocrx_word' id='word_1_408' title='bbox 578 4036 652 4111; x_wconf 76' lang='grc' dir='ltr'><strong>(ὁ)</strong></span> <span class='ocrx_word' id='word_1_409' title='bbox 684 4036 774 4111; x_wconf 71' lang='grc' dir='ltr'>Ῡω</span> <span class='ocrx_word' id='word_1_410' title='bbox 811 4035 939 4090; x_wconf 91' lang='lat' dir='ltr'><strong>mihi</strong></span> <span class='ocrx_word' id='word_1_411' title='bbox 978 4036 1207 4100; x_wconf 88' lang='lat' dir='ltr'><strong>misero,</strong></span> <span class='ocrx_word' id='word_1_412' title='bbox 1238 4031 1361 4103; x_wconf 87' lang='lat' dir='ltr'><strong>quid</strong></span> <span class='ocrx_word' id='word_1_413' title='bbox 1393 4031 1625 4087; x_wconf 81' lang='lat' dir='ltr'><strong>faciant?</strong></span> <span class='ocrx_word' id='word_1_414' title='bbox 1665 4033 2010 4111; x_wconf 78' lang='lat' dir='ltr'><strong>lleu_qnanto</strong></span> 
     </span>
    </p>
   </div>
   <div class='ocr_carea' id='block_1_54' title="bbox 423 4104 2010 4179">
    <p class='ocr_par' dir='ltr' id='par_1_54' title="bbox 423 4104 2010 4179">
     <span class='ocr_line' id='line_1_54' title="bbox 423 4104 2010 4179; baseline -0.002 -16"><span class='ocrx_word' id='word_1_415' title='bbox 423 4104 663 4179; x_wconf 80' lang='lat' dir='ltr'><strong>tempore</strong></span> <span class='ocrx_word' id='word_1_416' title='bbox 700 4108 915 4178; x_wconf 85' lang='lat' dir='ltr'><strong>languet</strong></span> <span class='ocrx_word' id='word_1_417' title='bbox 942 4121 1092 4161; x_wconf 87' lang='lat' dir='ltr'><strong>mens</strong></span> <span class='ocrx_word' id='word_1_418' title='bbox 1122 4118 1235 4158; x_wconf 86' lang='lat' dir='ltr'><strong>mea</strong></span> <span class='ocrx_word' id='word_1_419' title='bbox 1262 4146 1276 4167; x_wconf 95' lang='lat'><strong>,</strong></span> <span class='ocrx_word' id='word_1_420' title='bbox 1305 4114 1501 4173; x_wconf 88' lang='lat' dir='ltr'><strong>quanto</strong></span> <span class='ocrx_word' id='word_1_421' title='bbox 1531 4111 1748 4179; x_wconf 84' lang='lat' dir='ltr'><strong>stupore</strong></span> <span class='ocrx_word' id='word_1_422' title='bbox 1791 4104 2010 4179; x_wconf 82' lang='lat' dir='ltr'><strong>indura-</strong></span> 
     </span>
    </p>
   </div>
   <div class='ocr_carea' id='block_1_55' title="bbox 424 4175 2007 4245">
    <p class='ocr_par' dir='ltr' id='par_1_55' title="bbox 424 4175 2007 4245">
     <span class='ocr_line' id='line_1_55' title="bbox 424 4175 2007 4245; baseline -0.003 -11"><span class='ocrx_word' id='word_1_423' title='bbox 424 4175 548 4235; x_wconf 82' lang='lat' dir='ltr'><strong>tum</strong></span> <span class='ocrx_word' id='word_1_424' title='bbox 564 4189 647 4236; x_wconf 89' lang='lat' dir='ltr'><strong>est</strong></span> <span class='ocrx_word' id='word_1_425' title='bbox 672 4196 767 4234; x_wconf 89' lang='lat' dir='ltr'><strong>cor</strong></span> <span class='ocrx_word' id='word_1_426' title='bbox 795 4175 969 4240; x_wconf 80' lang='lat' dir='ltr'><strong>incum</strong></span> <span class='ocrx_word' id='word_1_427' title='bbox 996 4219 1011 4242; x_wconf 94' lang='lat'><strong>,</strong></span> <span class='ocrx_word' id='word_1_428' title='bbox 1037 4184 1237 4245; x_wconf 90' lang='lat' dir='ltr'><strong>quanto</strong></span> <span class='ocrx_word' id='word_1_429' title='bbox 1272 4182 1487 4245; x_wconf 88' lang='lat' dir='ltr'><strong>torpore</strong></span> <span class='ocrx_word' id='word_1_430' title='bbox 1517 4176 1792 4229; x_wconf 88' lang='lat' dir='ltr'><strong>obturatur</strong></span> <span class='ocrx_word' id='word_1_431' title='bbox 1818 4175 2007 4229; x_wconf 61' lang='lat' dir='ltr'><strong>&#39;anima</strong></span> 
     </span>
    </p>
   </div>
   <div class='ocr_carea' id='block_1_56' title="bbox 420 4245 2009 4320">
    <p class='ocr_par' dir='ltr' id='par_1_56' title="bbox 420 4245 2009 4320">
     <span class='ocr_line' id='line_1_56' title="bbox 420 4245 2009 4320; baseline -0.003 -15"><span class='ocrx_word' id='word_1_432' title='bbox 420 4252 575 4308; x_wconf 86' lang='lat' dir='ltr'><strong>mea!</strong></span> <span class='ocrx_word' id='word_1_433' title='bbox 603 4250 740 4319; x_wconf 86' lang='lat' dir='ltr'><strong>Quid</strong></span> <span class='ocrx_word' id='word_1_434' title='bbox 780 4258 858 4304; x_wconf 89' lang='lat' dir='ltr'><strong>est</strong></span> <span class='ocrx_word' id='word_1_435' title='bbox 888 4247 1027 4320; x_wconf 90' lang='lat' dir='ltr'><strong>quod</strong></span> <span class='ocrx_word' id='word_1_436' title='bbox 1055 4249 1132 4303; x_wconf 80' lang='lat' dir='ltr'><strong>sic</strong></span> <span class='ocrx_word' id='word_1_437' title='bbox 1169 4263 1254 4320; x_wconf 85' lang='lat' dir='ltr'><strong>me</strong></span> <span class='ocrx_word' id='word_1_438' title='bbox 1290 4245 1558 4320; x_wconf 70' lang='lat' dir='ltr'><strong>impedit?</strong></span> <span class='ocrx_word' id='word_1_439' title='bbox 1582 4246 1706 4320; x_wconf 81' lang='lat' dir='ltr'><strong>quid</strong></span> <span class='ocrx_word' id='word_1_440' title='bbox 1751 4254 1837 4320; x_wconf 81' lang='lat' dir='ltr'><strong>est</strong></span> <span class='ocrx_word' id='word_1_441' title='bbox 1868 4246 2009 4320; x_wconf 83' lang='lat' dir='ltr'><strong>quod</strong></span> 
     </span>
    </p>
   </div>
   <div class='ocr_carea' id='block_1_57' title="bbox 421 4316 2006 4389">
    <p class='ocr_par' dir='ltr' id='par_1_57' title="bbox 421 4316 2006 4389">
     <span class='ocr_line' id='line_1_57' title="bbox 421 4316 2006 4389; baseline -0.004 -11"><span class='ocrx_word' id='word_1_442' title='bbox 421 4316 686 4378; x_wconf 75' lang='lat' dir='ltr'><strong>cervicem</strong></span> <span class='ocrx_word' id='word_1_443' title='bbox 716 4337 885 4377; x_wconf 89' lang='lat' dir='ltr'><strong>meam</strong></span> <span class='ocrx_word' id='word_1_444' title='bbox 906 4316 988 4374; x_wconf 75' lang='lat' dir='ltr'><strong>sic</strong></span> <span class='ocrx_word' id='word_1_445' title='bbox 1022 4316 1256 4389; x_wconf 79' lang='lat' dir='ltr'><strong>premit?</strong></span> <span class='ocrx_word' id='word_1_446' title='bbox 1289 4316 1441 4382; x_wconf 83' lang='lat' dir='ltr'><strong>Vult,</strong></span> <span class='ocrx_word' id='word_1_447' title='bbox 1474 4316 1697 4389; x_wconf 85' lang='lat' dir='ltr'><strong>Domine</strong></span> <span class='ocrx_word' id='word_1_448' title='bbox 1718 4359 1728 4377; x_wconf 89' lang='lat'><strong>,</strong></span> <span class='ocrx_word' id='word_1_449' title='bbox 1750 4317 1867 4389; x_wconf 69' lang='lat' dir='ltr'><strong>vult</strong></span> <span class='ocrx_word' id='word_1_450' title='bbox 1889 4318 2006 4372; x_wconf 84' lang='lat' dir='ltr'><strong>ani-</strong></span> 
     </span>
    </p>
   </div>
   <div class='ocr_carea' id='block_1_58' title="bbox 421 4386 2008 4462">
    <p class='ocr_par' dir='ltr' id='par_1_58' title="bbox 421 4386 2008 4462">
     <span class='ocr_line' id='line_1_58' title="bbox 421 4386 2008 4462; baseline -0.005 -14"><span class='ocrx_word' id='word_1_451' title='bbox 421 4408 508 4448; x_wconf 90' lang='lat' dir='ltr'><strong>ma</strong></span> <span class='ocrx_word' id='word_1_452' title='bbox 534 4410 652 4449; x_wconf 87' lang='lat' dir='ltr'><strong>mea</strong></span> <span class='ocrx_word' id='word_1_453' title='bbox 683 4392 747 4447; x_wconf 91' lang='lat' dir='ltr'><strong>ad</strong></span> <span class='ocrx_word' id='word_1_454' title='bbox 782 4401 832 4447; x_wconf 91' lang='lat' dir='ltr'><strong>te</strong></span> <span class='ocrx_word' id='word_1_455' title='bbox 861 4386 1065 4462; x_wconf 71' lang='lat' dir='ltr'><strong>erigere</strong></span> <span class='ocrx_word' id='word_1_456' title='bbox 1094 4390 1281 4445; x_wconf 88' lang='lat' dir='ltr'><strong>faciem</strong></span> <span class='ocrx_word' id='word_1_457' title='bbox 1311 4403 1485 4449; x_wconf 88' lang='lat' dir='ltr'><strong>suam,</strong></span> <span class='ocrx_word' id='word_1_458' title='bbox 1516 4396 1570 4441; x_wconf 90' lang='lat' dir='ltr'><strong>et</strong></span> <span class='ocrx_word' id='word_1_459' title='bbox 1593 4386 1849 4462; x_wconf 79' lang='lat' dir='ltr'><strong>plumbeo</strong></span> <span class='ocrx_word' id='word_1_460' title='bbox 1871 4403 2008 4462; x_wconf 85' lang='lat' dir='ltr'><strong>pon-</strong></span> 
     </span>
    </p>
   </div>
   <div class='ocr_carea' id='block_1_59' title="bbox 421 4458 2010 4533">
    <p class='ocr_par' dir='ltr' id='par_1_59' title="bbox 421 4458 2010 4533">
     <span class='ocr_line' id='line_1_59' title="bbox 421 4458 2010 4533; baseline -0.003 -13"><span class='ocrx_word' id='word_1_461' title='bbox 421 4464 552 4521; x_wconf 87' lang='lat' dir='ltr'><strong>dere</strong></span> <span class='ocrx_word' id='word_1_462' title='bbox 577 4474 795 4520; x_wconf 88' lang='lat' dir='ltr'><strong>onerata</strong></span> <span class='ocrx_word' id='word_1_463' title='bbox 818 4458 1081 4533; x_wconf 69' lang='lat' dir='ltr'><strong>gravatur;</strong></span> <span class='ocrx_word' id='word_1_464' title='bbox 1100 4469 1332 4533; x_wconf 73' lang='lat' dir='ltr'><strong>conatur</strong></span> <span class='ocrx_word' id='word_1_465' title='bbox 1351 4474 1408 4513; x_wconf 85' lang='lat' dir='ltr'><strong>se</strong></span> <span class='ocrx_word' id='word_1_466' title='bbox 1438 4459 1709 4527; x_wconf 79' lang='lat' dir='ltr'><strong>expedire,</strong></span> <span class='ocrx_word' id='word_1_467' title='bbox 1733 4464 1787 4513; x_wconf 89' lang='lat' dir='ltr'><strong>et</strong></span> <span class='ocrx_word' id='word_1_468' title='bbox 1807 4458 2010 4515; x_wconf 87' lang='lat' dir='ltr'><strong>catenis</strong></span> 
     </span>
    </p>
   </div>
   <div class='ocr_carea' id='block_1_60' title="bbox 420 4530 2009 4604">
    <p class='ocr_par' dir='ltr' id='par_1_60' title="bbox 420 4530 2009 4604">
     <span class='ocr_line' id='line_1_60' title="bbox 420 4530 2009 4604; baseline -0.003 -15"><span class='ocrx_word' id='word_1_469' title='bbox 420 4536 609 4590; x_wconf 86' lang='lat' dir='ltr'><strong>ferreis</strong></span> <span class='ocrx_word' id='word_1_470' title='bbox 657 4530 967 4604; x_wconf 76' lang='lat' dir='ltr'><strong>astringitur</strong></span> <span class='ocrx_word' id='word_1_471' title='bbox 996 4549 1012 4596; x_wconf 90' lang='lat'><strong>;</strong></span> <span class='ocrx_word' id='word_1_472' title='bbox 1048 4540 1211 4604; x_wconf 73' lang='lat' dir='ltr'><strong>tentat</strong></span> <span class='ocrx_word' id='word_1_473' title='bbox 1235 4530 1398 4604; x_wconf 80' lang='lat' dir='ltr'><strong>_exire</strong></span> <span class='ocrx_word' id='word_1_474' title='bbox 1427 4571 1442 4604; x_wconf 51' lang='grc' dir='ltr'><em>ε</em></span> <span class='ocrx_word' id='word_1_475' title='bbox 1492 4540 1557 4604; x_wconf 50' lang='grc' dir='ltr'><strong>εῐρ</strong></span> <span class='ocrx_word' id='word_1_476' title='bbox 1589 4544 1742 4584; x_wconf 86' lang='lat' dir='ltr'><strong>aeneo</strong></span> <span class='ocrx_word' id='word_1_477' title='bbox 1795 4545 2009 4585; x_wconf 86' lang='lat' dir='ltr'><strong>carcere</strong></span> 
     </span>
    </p>
   </div>
   <div class='ocr_carea' id='block_1_61' title="bbox 422 4600 2009 4673">
    <p class='ocr_par' dir='ltr' id='par_1_61' title="bbox 422 4600 2009 4673">
     <span class='ocr_line' id='line_1_61' title="bbox 422 4600 2009 4673; baseline -0.002 -15"><span class='ocrx_word' id='word_1_478' title='bbox 422 4605 718 4667; x_wconf 86' lang='lat' dir='ltr'><strong>clauditur;</strong></span> <span class='ocrx_word' id='word_1_479' title='bbox 751 4600 901 4673; x_wconf 79' lang='lat' dir='ltr'><strong>cupit</strong></span> <span class='ocrx_word' id='word_1_480' title='bbox 940 4604 990 4673; x_wconf 87' lang='lat' dir='ltr'><strong>in</strong></span> <span class='ocrx_word' id='word_1_481' title='bbox 1048 4610 1098 4673; x_wconf 86' lang='lat' dir='ltr'><strong>te</strong></span> <span class='ocrx_word' id='word_1_482' title='bbox 1148 4600 1379 4671; x_wconf 88' lang='lat' dir='ltr'><strong>dirigere</strong></span> <span class='ocrx_word' id='word_1_483' title='bbox 1406 4600 1673 4673; x_wconf 30' lang='lat' dir='ltr'><strong>Aiutuitum</strong></span> <span class='ocrx_word' id='word_1_484' title='bbox 1701 4616 1913 4673; x_wconf 69' lang='lat' dir='ltr'><strong>suum,</strong></span> <span class='ocrx_word' id='word_1_485' title='bbox 1955 4609 2009 4655; x_wconf 91' lang='lat' dir='ltr'><strong>et</strong></span> 
     </span>
    </p>
   </div>
   <div class='ocr_carea' id='block_1_62' title="bbox 423 4668 2009 4746">
    <p class='ocr_par' dir='ltr' id='par_1_62' title="bbox 423 4668 2009 4746">
     <span class='ocr_line' id='line_1_62' title="bbox 423 4668 2009 4746; baseline -0.002 -16"><span class='ocrx_word' id='word_1_486' title='bbox 423 4675 731 4746; x_wconf 82' lang='lat' dir='ltr'><strong>caliginosis</strong></span> <span class='ocrx_word' id='word_1_487' title='bbox 768 4668 1002 4746; x_wconf 73' lang='lat' dir='ltr'><strong>tenebris</strong></span> <span class='ocrx_word' id='word_1_488' title='bbox 1030 4668 1362 4746; x_wconf 55' lang='lat' dir='ltr'><strong>obscuraiur.</strong></span> <span class='ocrx_word' id='word_1_489' title='bbox 1393 4668 1522 4746; x_wconf 66' lang='lat' dir='ltr'><strong>Qua;</strong></span> <span class='ocrx_word' id='word_1_490' title='bbox 1553 4680 1673 4723; x_wconf 91' lang='lat' dir='ltr'><strong>sunt</strong></span> <span class='ocrx_word' id='word_1_491' title='bbox 1701 4670 1797 4723; x_wconf 86' lang='lat' dir='ltr'><strong>ista</strong></span> <span class='ocrx_word' id='word_1_492' title='bbox 1819 4713 1834 4737; x_wconf 88' lang='lat'><strong>,</strong></span> <span class='ocrx_word' id='word_1_493' title='bbox 1870 4670 2009 4727; x_wconf 88' lang='lat' dir='ltr'><strong>Deus</strong></span> 
     </span>
    </p>
   </div>
   <div class='ocr_carea' id='block_1_63' title="bbox 421 4739 2005 4816">
    <p class='ocr_par' dir='ltr' id='par_1_63' title="bbox 421 4739 2005 4816">
     <span class='ocr_line' id='line_1_63' title="bbox 421 4739 2005 4816; baseline -0.005 -13"><span class='ocrx_word' id='word_1_494' title='bbox 421 4739 593 4810; x_wconf 49' lang='lat' dir='ltr'><strong>tneuvs,</strong></span> <span class='ocrx_word' id='word_1_495' title='bbox 617 4762 734 4816; x_wconf 72' lang='lat' dir='ltr'><strong>qua:</strong></span> <span class='ocrx_word' id='word_1_496' title='bbox 759 4745 837 4800; x_wconf 88' lang='lat' dir='ltr'><strong>sic</strong></span> <span class='ocrx_word' id='word_1_497' title='bbox 859 4744 1090 4816; x_wconf 71' lang='lat' dir='ltr'><strong>animam</strong></span> <span class='ocrx_word' id='word_1_498' title='bbox 1112 4739 1658 4816; x_wconf 81' lang='lat' dir='ltr'><strong>meam_obtcnehrant</strong></span> <span class='ocrx_word' id='word_1_499' title='bbox 1683 4748 1740 4795; x_wconf 91' lang='lat' dir='ltr'><strong>et</strong></span> <span class='ocrx_word' id='word_1_500' title='bbox 1762 4751 2005 4810; x_wconf 85' lang='lat' dir='ltr'><strong>gravant,</strong></span> 
     </span>
    </p>
   </div>
   <div class='ocr_carea' id='block_1_64' title="bbox 423 4811 2005 4885">
    <p class='ocr_par' dir='ltr' id='par_1_64' title="bbox 423 4811 2005 4885">
     <span class='ocr_line' id='line_1_64' title="bbox 423 4811 2005 4885; baseline -0.003 -14"><span class='ocrx_word' id='word_1_501' title='bbox 423 4811 679 4872; x_wconf 74' lang='lat' dir='ltr'><strong>claudunt</strong></span> <span class='ocrx_word' id='word_1_502' title='bbox 704 4826 757 4869; x_wconf 92' lang='lat' dir='ltr'><strong>et</strong></span> <span class='ocrx_word' id='word_1_503' title='bbox 785 4816 985 4885; x_wconf 80' lang='lat' dir='ltr'><strong>ligant?</strong></span> <span class='ocrx_word' id='word_1_504' title='bbox 1014 4812 1257 4868; x_wconf 80' lang='lat' dir='ltr'><strong>Forsitan</strong></span> <span class='ocrx_word' id='word_1_505' title='bbox 1287 4811 1404 4866; x_wconf 68' lang='lat' dir='ltr'><strong>hmo</strong></span> <span class='ocrx_word' id='word_1_506' title='bbox 1439 4819 1562 4865; x_wconf 90' lang='lat' dir='ltr'><strong>sunt</strong></span> <span class='ocrx_word' id='word_1_507' title='bbox 1597 4820 1811 4885; x_wconf 84' lang='lat' dir='ltr'><strong>peccata</strong></span> <span class='ocrx_word' id='word_1_508' title='bbox 1853 4827 2005 4885; x_wconf 84' lang='lat' dir='ltr'><strong>mea;</strong></span> 
     </span>
    </p>
   </div>
   <div class='ocr_carea' id='block_1_65' title="bbox 422 4881 2007 4955">
    <p class='ocr_par' dir='ltr' id='par_1_65' title="bbox 422 4881 2007 4955">
     <span class='ocr_line' id='line_1_65' title="bbox 422 4881 2007 4955; baseline -0.002 -14"><span class='ocrx_word' id='word_1_509' title='bbox 422 4888 533 4947; x_wconf 61' lang='lat' dir='ltr'><strong>imo</strong></span> <span class='ocrx_word' id='word_1_510' title='bbox 562 4903 686 4942; x_wconf 87' lang='lat' dir='ltr'><strong>vere</strong></span> <span class='ocrx_word' id='word_1_511' title='bbox 716 4881 982 4941; x_wconf 56' lang='lat' dir='ltr'><strong>hmc&#39;sunt</strong></span> <span class='ocrx_word' id='word_1_512' title='bbox 1005 4892 1217 4955; x_wconf 89' lang='lat' dir='ltr'><strong>peccata</strong></span> <span class='ocrx_word' id='word_1_513' title='bbox 1254 4896 1371 4938; x_wconf 90' lang='lat' dir='ltr'><strong>mea</strong></span> <span class='ocrx_word' id='word_1_514' title='bbox 1390 4924 1405 4946; x_wconf 94' lang='lat'><strong>,</strong></span> <span class='ocrx_word' id='word_1_515' title='bbox 1437 4890 1584 4935; x_wconf 88' lang='lat' dir='ltr'><strong>certe</strong></span> <span class='ocrx_word' id='word_1_516' title='bbox 1607 4881 1885 4955; x_wconf 80' lang='lat' dir='ltr'><strong>haccsunt.</strong></span> <span class='ocrx_word' id='word_1_517' title='bbox 1911 4884 2007 4937; x_wconf 82' lang='lat' dir='ltr'><strong>Af-</strong></span> 
     </span>
    </p>
   </div>
   <div class='ocr_carea' id='block_1_66' title="bbox 421 4952 2004 5022">
    <p class='ocr_par' dir='ltr' id='par_1_66' title="bbox 421 4952 2004 5022">
     <span class='ocr_line' id='line_1_66' title="bbox 421 4952 2004 5022; baseline -0.003 -9"><span class='ocrx_word' id='word_1_518' title='bbox 421 4957 594 5013; x_wconf 83' lang='lat' dir='ltr'><strong>fectus</strong></span> <span class='ocrx_word' id='word_1_519' title='bbox 610 4958 837 5013; x_wconf 87' lang='lat' dir='ltr'><strong>carnalis</strong></span> <span class='ocrx_word' id='word_1_520' title='bbox 865 4952 1137 5010; x_wconf 79' lang='lat' dir='ltr'><strong>infatuavit</strong></span> <span class='ocrx_word' id='word_1_521' title='bbox 1162 4956 1214 5008; x_wconf 93' lang='lat' dir='ltr'><strong>in</strong></span> <span class='ocrx_word' id='word_1_522' title='bbox 1237 4969 1321 5008; x_wconf 92' lang='lat' dir='ltr'><strong>me</strong></span> <span class='ocrx_word' id='word_1_523' title='bbox 1346 4966 1590 5022; x_wconf 91' lang='lat' dir='ltr'><strong>saporem</strong></span> <span class='ocrx_word' id='word_1_524' title='bbox 1610 4952 1963 5021; x_wconf 89' lang='lat' dir='ltr'><strong>spiritualium</strong></span> <span class='ocrx_word' id='word_1_525' title='bbox 1990 4973 2004 5009; x_wconf 91' lang='lat'><strong>:</strong></span> 
     </span>
    </p>
   </div>
   <div class='ocr_carea' id='block_1_67' title="bbox 422 5023 2008 5085">
    <p class='ocr_par' dir='ltr' id='par_1_67' title="bbox 422 5023 2008 5085">
     <span class='ocr_line' id='line_1_67' title="bbox 422 5023 2008 5085; baseline -0.004 -1"><span class='ocrx_word' id='word_1_526' title='bbox 422 5029 645 5085; x_wconf 89' lang='lat' dir='ltr'><strong>intentio</strong></span> <span class='ocrx_word' id='word_1_527' title='bbox 679 5028 991 5083; x_wconf 87' lang='lat' dir='ltr'><strong>inferiorum</strong></span> <span class='ocrx_word' id='word_1_528' title='bbox 1037 5024 1331 5081; x_wconf 86' lang='lat' dir='ltr'><strong>incurvavit</strong></span> <span class='ocrx_word' id='word_1_529' title='bbox 1365 5023 1599 5077; x_wconf 91' lang='lat' dir='ltr'><strong>animam</strong></span> <span class='ocrx_word' id='word_1_530' title='bbox 1628 5038 1803 5077; x_wconf 92' lang='lat' dir='ltr'><strong>meam</strong></span> <span class='ocrx_word' id='word_1_531' title='bbox 1830 5024 1896 5079; x_wconf 88' lang='lat' dir='ltr'><strong>ab</strong></span> <span class='ocrx_word' id='word_1_532' title='bbox 1924 5024 2008 5078; x_wconf 89' lang='lat' dir='ltr'><strong>iu-</strong></span> 
     </span>
    </p>
   </div>
   <div class='ocr_carea' id='block_1_68' title="bbox 420 5094 2008 5169">
    <p class='ocr_par' dir='ltr' id='par_1_68' title="bbox 420 5094 2008 5169">
     <span class='ocr_line' id='line_1_68' title="bbox 420 5094 2008 5169; baseline -0.003 -13"><span class='ocrx_word' id='word_1_533' title='bbox 420 5101 555 5156; x_wconf 90' lang='lat' dir='ltr'><strong>tuitu</strong></span> <span class='ocrx_word' id='word_1_534' title='bbox 598 5114 948 5169; x_wconf 86' lang='lat' dir='ltr'><strong>supernorum</strong></span> <span class='ocrx_word' id='word_1_535' title='bbox 979 5115 992 5152; x_wconf 90' lang='lat'><strong>:</strong></span> <span class='ocrx_word' id='word_1_536' title='bbox 1023 5110 1175 5169; x_wconf 82' lang='lat' dir='ltr'><strong>amor</strong></span> <span class='ocrx_word' id='word_1_537' title='bbox 1201 5094 1530 5169; x_wconf 81' lang='lat' dir='ltr'><strong>terrestrium</strong></span> <span class='ocrx_word' id='word_1_538' title='bbox 1557 5094 1811 5149; x_wconf 76' lang='lat' dir='ltr'><strong>exstinxit</strong></span> <span class='ocrx_word' id='word_1_539' title='bbox 1836 5095 1887 5169; x_wconf 87' lang='lat' dir='ltr'><strong>in</strong></span> <span class='ocrx_word' id='word_1_540' title='bbox 1916 5112 2008 5169; x_wconf 79' lang='lat' dir='ltr'><strong>me</strong></span> 
     </span>
    </p>
   </div>
   <div class='ocr_carea' id='block_1_69' title="bbox 419 5166 2006 5229">
    <p class='ocr_par' dir='ltr' id='par_1_69' title="bbox 419 5166 2006 5229">
     <span class='ocr_line' id='line_1_69' title="bbox 419 5166 2006 5229; baseline -0.004 -1"><span class='ocrx_word' id='word_1_541' title='bbox 419 5166 828 5229; x_wconf 79' lang='lat' dir='ltr'><strong>delectationem</strong></span> <span class='ocrx_word' id='word_1_542' title='bbox 850 5168 1147 5226; x_wconf 66' lang='lat' dir='ltr'><strong>caelestium</strong></span> <span class='ocrx_word' id='word_1_543' title='bbox 1171 5184 1184 5221; x_wconf 89' lang='lat'><strong>:</strong></span> <span class='ocrx_word' id='word_1_544' title='bbox 1210 5182 1336 5223; x_wconf 91' lang='lat' dir='ltr'><strong>usus</strong></span> <span class='ocrx_word' id='word_1_545' title='bbox 1355 5166 1600 5222; x_wconf 88' lang='lat' dir='ltr'><strong>vitiorum</strong></span> <span class='ocrx_word' id='word_1_546' title='bbox 1621 5167 1898 5222; x_wconf 89' lang='lat' dir='ltr'><strong>evacuavit</strong></span> <span class='ocrx_word' id='word_1_547' title='bbox 1913 5166 1935 5199; x_wconf 84' lang='grc'>⁸</span> <span class='ocrx_word' id='word_1_548' title='bbox 1953 5167 2006 5222; x_wconf 91' lang='lat' dir='ltr'><strong>in</strong></span> 
     </span>
    </p>
   </div>
   <div class='ocr_carea' id='block_1_70' title="bbox 483 5320 1970 5387">
    <p class='ocr_par' dir='ltr' id='par_1_70' title="bbox 483 5320 1970 5387">
     <span class='ocr_line' id='line_1_70' title="bbox 483 5320 1970 5387; baseline -0.005 -7"><span class='ocrx_word' id='word_1_549' title='bbox 483 5331 501 5361; x_wconf 89' lang='grc'>¹</span> <span class='ocrx_word' id='word_1_550' title='bbox 536 5332 609 5380; x_wconf 86' lang='lat' dir='ltr'><strong>sic</strong></span> <span class='ocrx_word' id='word_1_551' title='bbox 629 5327 901 5379; x_wconf 80' lang='lat' dir='ltr'><strong>Ansehnus.</strong></span> <span class='ocrx_word' id='word_1_552' title='bbox 920 5333 977 5378; x_wconf 80' lang='lat' dir='ltr'><strong>At</strong></span> <span class='ocrx_word' id='word_1_553' title='bbox 996 5332 1127 5387; x_wconf 68' lang='grc' dir='ltr'><strong>ωε..</strong></span> <span class='ocrx_word' id='word_1_554' title='bbox 1157 5320 1426 5376; x_wconf 60' lang='lat' dir='ltr'><strong>militibus.</strong></span> <span class='ocrx_word' id='word_1_555' title='bbox 1452 5322 1591 5387; x_wconf 66' lang='lat' dir='ltr'><strong>Editi,</strong></span> <span class='ocrx_word' id='word_1_556' title='bbox 1607 5320 1970 5387; x_wconf 66' lang='lat' dir='ltr'><strong>inmutatuibus.</strong></span> 
     </span>
    </p>
   </div>
   <div class='ocr_carea' id='block_1_71' title="bbox 484 5384 2014 5454">
    <p class='ocr_par' dir='ltr' id='par_1_71' title="bbox 484 5384 2014 5454">
     <span class='ocr_line' id='line_1_71' title="bbox 484 5384 2014 5454; baseline -0.003 -13"><span class='ocrx_word' id='word_1_557' title='bbox 484 5394 506 5424; x_wconf 83' lang='grc'><strong><em>²</em></strong></span> <span class='ocrx_word' id='word_1_558' title='bbox 538 5397 612 5440; x_wconf 80' lang='lat' dir='ltr'><strong>Er.</strong></span> <span class='ocrx_word' id='word_1_559' title='bbox 638 5390 785 5454; x_wconf 84' lang='lat' dir='ltr'><strong>Lugd.</strong></span> <span class='ocrx_word' id='word_1_560' title='bbox 815 5397 931 5440; x_wconf 82' lang='lat' dir='ltr'><strong>Ven.</strong></span> <span class='ocrx_word' id='word_1_561' title='bbox 955 5396 1064 5454; x_wconf 82' lang='lat' dir='ltr'><strong>I_.ov.</strong></span> <span class='ocrx_word' id='word_1_562' title='bbox 1084 5384 1161 5454; x_wconf 80' lang='lat' dir='ltr'><strong>sic</strong></span> <span class='ocrx_word' id='word_1_563' title='bbox 1183 5386 1585 5454; x_wconf 27' lang='lat' dir='ltr'><strong>exhibentjbunc</strong></span> <span class='ocrx_word' id='word_1_564' title='bbox 1603 5384 1765 5454; x_wconf 72' lang='lat' dir='ltr'><strong>locum</strong></span> <span class='ocrx_word' id='word_1_565' title='bbox 1789 5400 1803 5435; x_wconf 89' lang='lat'><strong><em>:</em></strong></span> <span class='ocrx_word' id='word_1_566' title='bbox 1829 5394 1868 5435; x_wconf 90' lang='grc' dir='ltr'>ο</span> <span class='ocrx_word' id='word_1_567' title='bbox 1890 5399 2014 5451; x_wconf 85' lang='lat' dir='ltr'><strong>pec-.</strong></span> 
     </span>
    </p>
   </div>
   <div class='ocr_carea' id='block_1_72' title="bbox 481 5515 1119 5580">
    <p class='ocr_par' dir='ltr' id='par_1_72' title="bbox 481 5515 1119 5580">
     <span class='ocr_line' id='line_1_72' title="bbox 481 5515 1119 5580; baseline -0.005 -13"><span class='ocrx_word' id='word_1_568' title='bbox 481 5520 503 5580; x_wconf 56' lang='grc' dir='ltr'><strong>ἓ</strong></span> <span class='ocrx_word' id='word_1_569' title='bbox 535 5524 616 5580; x_wconf 68' lang='lat' dir='ltr'><strong>ius.</strong></span> <span class='ocrx_word' id='word_1_570' title='bbox 638 5515 832 5580; x_wconf 75' lang='lat' dir='ltr'><strong>Regius,</strong></span> <span class='ocrx_word' id='word_1_571' title='bbox 856 5515 988 5565; x_wconf 90' lang='lat' dir='ltr'><strong>addit</strong></span> <span class='ocrx_word' id='word_1_572' title='bbox 1007 5526 1119 5565; x_wconf 86' lang='lat' dir='ltr'><strong>non.</strong></span> 
     </span>
    </p>
   </div>
   <div class='ocr_carea' id='block_1_73' title="bbox 470 5574 943 5638">
    <p class='ocr_par' dir='ltr' id='par_1_73' title="bbox 470 5574 943 5638">
     <span class='ocr_line' id='line_1_73' title="bbox 470 5574 943 5638; baseline -0.006 -7"><span class='ocrx_word' id='word_1_573' title='bbox 470 5576 501 5611; x_wconf 66' lang='lat'><strong>‘</strong></span> <span class='ocrx_word' id='word_1_574' title='bbox 534 5574 639 5630; x_wconf 74' lang='lat' dir='ltr'><strong>Mss.</strong></span> <span class='ocrx_word' id='word_1_575' title='bbox 665 5574 777 5638; x_wconf 70' lang='lat' dir='ltr'><strong>duo,</strong></span> <span class='ocrx_word' id='word_1_576' title='bbox 801 5574 943 5629; x_wconf 73' lang='lat' dir='ltr'><strong>nunc.</strong></span> 
     </span>
    </p>
   </div>
   <div class='ocr_carea' id='block_1_74' title="bbox 479 5640 885 5700">
    <p class='ocr_par' dir='ltr' id='par_1_74' title="bbox 479 5640 885 5700">
     <span class='ocr_line' id='line_1_74' title="bbox 479 5640 885 5700; baseline -0.01 -9"><span class='ocrx_word' id='word_1_577' title='bbox 479 5642 502 5674; x_wconf 81' lang='grc'><strong>⁸</strong></span> <span class='ocrx_word' id='word_1_578' title='bbox 533 5647 660 5700; x_wconf 66' lang='lat' dir='ltr'><strong>Mss,</strong></span> <span class='ocrx_word' id='word_1_579' title='bbox 679 5640 885 5691; x_wconf 74' lang='lat' dir='ltr'><strong>commit.</strong></span> 
     </span>
    </p>
   </div>
   <div class='ocr_carea' id='block_1_75' title="bbox 503 5694 1053 5753">
    <p class='ocr_par' dir='ltr' id='par_1_75' title="bbox 503 5694 1053 5753">
     <span class='ocr_line' id='line_1_75' title="bbox 503 5694 1053 5753; baseline 0 -3"><span class='ocrx_word' id='word_1_580' title='bbox 503 5701 556 5753; x_wconf 84' lang='grc' dir='ltr'><strong>α)</strong></span> <span class='ocrx_word' id='word_1_581' title='bbox 589 5694 798 5752; x_wconf 75' lang='lat' dir='ltr'><strong>Atiselm.</strong></span> <span class='ocrx_word' id='word_1_582' title='bbox 821 5694 1053 5753; x_wconf 73' lang='lat' dir='ltr'><strong>Orat.&#39;B7.</strong></span> 
     </span>
    </p>
   </div>
   <div class='ocr_carea' id='block_1_76' title="bbox 506 5756 2004 5875">
    <p class='ocr_par' dir='ltr' id='par_1_76' title="bbox 506 5756 2004 5875">
     <span class='ocr_line' id='line_1_76' title="bbox 506 5756 2004 5875; baseline -0.001 -60"><span class='ocrx_word' id='word_1_583' title='bbox 506 5756 556 5875; x_wconf 53' lang='grc' dir='ltr'><strong>ξ)</strong></span> <span class='ocrx_word' id='word_1_584' title='bbox 571 5772 701 5875; x_wconf 55' lang='grc' dir='ltr'><strong>δεξιαὶ</strong></span> <span class='ocrx_word' id='word_1_585' title='bbox 734 5770 1007 5829; x_wconf 87' lang='lat' dir='ltr'><strong>sequuntur</strong></span> <span class='ocrx_word' id='word_1_586' title='bbox 1029 5775 1188 5826; x_wconf 85' lang='lat' dir='ltr'><strong>usque</strong></span> <span class='ocrx_word' id='word_1_587' title='bbox 1210 5760 1270 5813; x_wconf 85' lang='lat' dir='ltr'><strong>ad</strong></span> <span class='ocrx_word' id='word_1_588' title='bbox 1290 5773 1395 5824; x_wconf 86' lang='lat' dir='ltr'><strong>cap.</strong></span> <span class='ocrx_word' id='word_1_589' title='bbox 1426 5760 1513 5823; x_wconf 86' lang='grc'><strong>10,</strong></span> <span class='ocrx_word' id='word_1_590' title='bbox 1551 5765 1663 5813; x_wconf 86' lang='lat' dir='ltr'><strong>sunt</strong></span> <span class='ocrx_word' id='word_1_591' title='bbox 1703 5772 1767 5811; x_wconf 78' lang='lat' dir='ltr'><strong>ex</strong></span> <span class='ocrx_word' id='word_1_592' title='bbox 1793 5756 2004 5813; x_wconf 78' lang='lat' dir='ltr'><strong>Anselmi</strong></span> 
     </span>
    </p>
   </div>
   <div class='ocr_carea' id='block_1_77' title="bbox 693 5446 1794 5517">
    <p class='ocr_par' dir='ltr' id='par_1_77' title="bbox 693 5446 1794 5517">
     <span class='ocr_line' id='line_1_77' title="bbox 693 5446 1794 5517; baseline -0.006 -13"><span class='ocrx_word' id='word_1_593' title='bbox 693 5446 870 5517; x_wconf 66' lang='lat' dir='ltr'><strong>magna</strong></span> <span class='ocrx_word' id='word_1_594' title='bbox 891 5451 1003 5517; x_wconf 72' lang='lat' dir='ltr'><strong>estis</strong></span> <span class='ocrx_word' id='word_1_595' title='bbox 1018 5449 1174 5514; x_wconf 81' lang='lat' dir='ltr'><strong>valde,</strong></span> <span class='ocrx_word' id='word_1_596' title='bbox 1192 5447 1343 5499; x_wconf 81' lang='lat' dir='ltr'><strong>multa</strong></span> <span class='ocrx_word' id='word_1_597' title='bbox 1361 5446 1473 5500; x_wconf 78' lang='lat' dir='ltr'><strong>estis</strong></span> <span class='ocrx_word' id='word_1_598' title='bbox 1495 5446 1637 5499; x_wconf 77' lang='lat' dir='ltr'><strong>nimis</strong></span> <span class='ocrx_word' id='word_1_599' title='bbox 1656 5446 1676 5498; x_wconf 87' lang='lat'><strong>.&#39;</strong></span> <span class='ocrx_word' id='word_1_600' title='bbox 1737 5454 1794 5497; x_wconf 74' lang='lat' dir='ltr'><strong>tt.</strong></span> 
     </span>
    </p>
   </div>
   <div class='ocr_carea' id='block_1_78' title="bbox 1850 296 2001 367">
    <p class='ocr_par' dir='ltr' id='par_1_78' title="bbox 1850 298 2001 356">
     <span class='ocr_line' id='line_1_78' title="bbox 1850 298 2001 356; baseline 0 0"><span class='ocrx_word' id='word_1_601' title='bbox 1850 298 2001 356; x_wconf 83' lang='lat' dir='ltr'><strong>APPI</strong></span> 
     </span>
    </p>
   </div>
   <div class='ocr_carea' id='block_1_79' title="bbox 2130 296 3680 367">
    <p class='ocr_par' dir='ltr' id='par_1_79' title="bbox 2130 296 3680 367">
     <span class='ocr_line' id='line_1_79' title="bbox 2130 296 3680 367; baseline 0.008 -14"><span class='ocrx_word' id='word_1_602' title='bbox 2130 297 2209 355; x_wconf 81' lang='lat' dir='ltr'><strong>IX.</strong></span> <span class='ocrx_word' id='word_1_603' title='bbox 2690 364 2693 367; x_wconf 27' lang='grc' dir='ltr'>λ</span> <span class='ocrx_word' id='word_1_604' title='bbox 3222 314 3227 317; x_wconf 59' lang='grc' dir='ltr'><em>τ</em></span> <span class='ocrx_word' id='word_1_605' title='bbox 3593 296 3680 366; x_wconf 70' lang='lat' dir='ltr'><strong>an</strong></span> 
     </span>
    </p>
   </div>
   <div class='ocr_carea' id='block_1_80' title="bbox 2108 413 3681 483">
    <p class='ocr_par' dir='ltr' id='par_1_80' title="bbox 2108 413 3681 483">
     <span class='ocr_line' id='line_1_80' title="bbox 2108 413 3681 483; baseline 0.004 -12"><span class='ocrx_word' id='word_1_606' title='bbox 2108 431 2195 471; x_wconf 92' lang='lat' dir='ltr'><strong>me</strong></span> <span class='ocrx_word' id='word_1_607' title='bbox 2240 429 2429 471; x_wconf 86' lang='lat' dir='ltr'><strong>sensus</strong></span> <span class='ocrx_word' id='word_1_608' title='bbox 2481 430 2725 471; x_wconf 83' lang='lat' dir='ltr'><strong>verorum</strong></span> <span class='ocrx_word' id='word_1_609' title='bbox 2778 413 3102 473; x_wconf 74' lang='lat' dir='ltr'><strong>donorum‘.</strong></span> <span class='ocrx_word' id='word_1_610' title='bbox 3125 415 3207 473; x_wconf 86' lang='lat' dir='ltr'><strong>Ab</strong></span> <span class='ocrx_word' id='word_1_611' title='bbox 3250 415 3336 475; x_wconf 87' lang='lat' dir='ltr'><strong>his</strong></span> <span class='ocrx_word' id='word_1_612' title='bbox 3380 416 3541 477; x_wconf 86' lang='lat' dir='ltr'><strong>donis</strong></span> <span class='ocrx_word' id='word_1_613' title='bbox 3583 437 3681 483; x_wconf 66' lang='lat' dir='ltr'><strong>sun</strong></span> 
     </span>
    </p>
   </div>
   <div class='ocr_carea' id='block_1_81' title="bbox 2110 486 3681 564">
    <p class='ocr_par' dir='ltr' id='par_1_81' title="bbox 2110 486 3681 564">
     <span class='ocr_line' id='line_1_81' title="bbox 2110 486 3681 564; baseline 0.005 -23"><span class='ocrx_word' id='word_1_614' title='bbox 2110 488 2385 564; x_wconf 81' lang='lat' dir='ltr'><strong>elongatus</strong></span> <span class='ocrx_word' id='word_1_615' title='bbox 2408 530 2422 556; x_wconf 90' lang='lat'><strong>,</strong></span> <span class='ocrx_word' id='word_1_616' title='bbox 2448 486 2620 564; x_wconf 76' lang='lat' dir='ltr'><strong>iubis</strong></span> <span class='ocrx_word' id='word_1_617' title='bbox 2652 488 2814 564; x_wconf 79' lang='lat' dir='ltr'><strong>malis</strong></span> <span class='ocrx_word' id='word_1_618' title='bbox 2854 500 3183 564; x_wconf 82' lang='lat' dir='ltr'><strong>occupatus;</strong></span> <span class='ocrx_word' id='word_1_619' title='bbox 3210 489 3453 564; x_wconf 79' lang='lat' dir='ltr'><strong>seclusus</strong></span> <span class='ocrx_word' id='word_1_620' title='bbox 3482 492 3681 564; x_wconf 79' lang='lat' dir='ltr'><strong>abillis,</strong></span> 
     </span>
    </p>
   </div>
   <div class='ocr_carea' id='block_1_82' title="bbox 2110 557 3681 625">
    <p class='ocr_par' dir='ltr' id='par_1_82' title="bbox 2110 557 3681 625">
     <span class='ocr_line' id='line_1_82' title="bbox 2110 557 3681 625; baseline 0.005 -13"><span class='ocrx_word' id='word_1_621' title='bbox 2110 559 2343 613; x_wconf 85' lang='lat' dir='ltr'><strong>inclusus</strong></span> <span class='ocrx_word' id='word_1_622' title='bbox 2370 559 2421 612; x_wconf 95' lang='lat' dir='ltr'><strong>in</strong></span> <span class='ocrx_word' id='word_1_623' title='bbox 2451 558 2585 625; x_wconf 87' lang='lat' dir='ltr'><strong>istis;</strong></span> <span class='ocrx_word' id='word_1_624' title='bbox 2617 557 2684 613; x_wconf 91' lang='lat' dir='ltr'><strong>ab</strong></span> <span class='ocrx_word' id='word_1_625' title='bbox 2714 558 2813 615; x_wconf 90' lang='lat' dir='ltr'><strong>illis</strong></span> <span class='ocrx_word' id='word_1_626' title='bbox 2842 557 3141 625; x_wconf 78' lang='lat' dir='ltr'><strong>devolutus,</strong></span> <span class='ocrx_word' id='word_1_627' title='bbox 3167 560 3224 615; x_wconf 92' lang='lat' dir='ltr'><strong>in</strong></span> <span class='ocrx_word' id='word_1_628' title='bbox 3254 561 3368 618; x_wconf 88' lang='lat' dir='ltr'><strong>istis</strong></span> <span class='ocrx_word' id='word_1_629' title='bbox 3395 557 3681 623; x_wconf 56' lang='lat' dir='ltr'><strong>obvolutus:</strong></span> 
     </span>
    </p>
   </div>
   <div class='ocr_carea' id='block_1_83' title="bbox 2109 629 3688 699">
    <p class='ocr_par' dir='ltr' id='par_1_83' title="bbox 2109 629 3688 699">
     <span class='ocr_line' id='line_1_83' title="bbox 2109 629 3688 699; baseline 0.006 -15"><span class='ocrx_word' id='word_1_630' title='bbox 2109 629 2244 685; x_wconf 88' lang='lat' dir='ltr'><strong>llinc</strong></span> <span class='ocrx_word' id='word_1_631' title='bbox 2268 639 2349 686; x_wconf 87' lang='lat' dir='ltr'><strong>est</strong></span> <span class='ocrx_word' id='word_1_632' title='bbox 2392 629 2483 686; x_wconf 92' lang='lat' dir='ltr'><strong>ille</strong></span> <span class='ocrx_word' id='word_1_633' title='bbox 2511 645 2695 685; x_wconf 88' lang='lat' dir='ltr'><strong>carcer</strong></span> <span class='ocrx_word' id='word_1_634' title='bbox 2722 641 2773 686; x_wconf 92' lang='lat' dir='ltr'><strong>et</strong></span> <span class='ocrx_word' id='word_1_635' title='bbox 2815 633 3023 687; x_wconf 87' lang='lat' dir='ltr'><strong>vincula</strong></span> <span class='ocrx_word' id='word_1_636' title='bbox 3047 674 3062 699; x_wconf 92' lang='lat'><strong>,</strong></span> <span class='ocrx_word' id='word_1_637' title='bbox 3095 630 3222 687; x_wconf 89' lang='lat' dir='ltr'><strong>hinc</strong></span> <span class='ocrx_word' id='word_1_638' title='bbox 3246 641 3373 687; x_wconf 88' lang='lat' dir='ltr'><strong>sunt</strong></span> <span class='ocrx_word' id='word_1_639' title='bbox 3412 634 3518 689; x_wconf 71' lang='lat' dir='ltr'><strong>illae</strong></span> <span class='ocrx_word' id='word_1_640' title='bbox 3560 646 3688 695; x_wconf 81' lang='lat' dir='ltr'><strong>tene-</strong></span> 
     </span>
    </p>
   </div>
   <div class='ocr_carea' id='block_1_84' title="bbox 2110 699 3685 774">
    <p class='ocr_par' dir='ltr' id='par_1_84' title="bbox 2110 699 3685 774">
     <span class='ocr_line' id='line_1_84' title="bbox 2110 699 3685 774; baseline 0.004 -19"><span class='ocrx_word' id='word_1_641' title='bbox 2110 699 2220 755; x_wconf 73' lang='lat' dir='ltr'><strong>brae</strong></span> <span class='ocrx_word' id='word_1_642' title='bbox 2253 710 2305 757; x_wconf 92' lang='lat' dir='ltr'><strong>et</strong></span> <span class='ocrx_word' id='word_1_643' title='bbox 2335 700 2590 774; x_wconf 84' lang='lat' dir='ltr'><strong>pondera.</strong></span> <span class='ocrx_word' id='word_1_644' title='bbox 2623 700 2875 774; x_wconf 61' lang='grc' dir='ltr'><strong>ναξᾉωίιή</strong></span> <span class='ocrx_word' id='word_1_645' title='bbox 2901 744 2916 769; x_wconf 89' lang='lat'><strong>,</strong></span> <span class='ocrx_word' id='word_1_646' title='bbox 2944 703 3067 773; x_wconf 91' lang='lat' dir='ltr'><strong>quia</strong></span> <span class='ocrx_word' id='word_1_647' title='bbox 3099 718 3265 773; x_wconf 89' lang='lat' dir='ltr'><strong>prope</strong></span> <span class='ocrx_word' id='word_1_648' title='bbox 3303 714 3387 759; x_wconf 87' lang='lat' dir='ltr'><strong>est</strong></span> <span class='ocrx_word' id='word_1_649' title='bbox 3425 705 3544 761; x_wconf 82' lang='lat' dir='ltr'><strong>dies</strong></span> <span class='ocrx_word' id='word_1_650' title='bbox 3571 709 3685 774; x_wconf 73' lang='lat' dir='ltr'><strong>im,</strong></span> 
     </span>
    </p>
   </div>
   <div class='ocr_carea' id='block_1_85' title="bbox 2112 770 3686 897">
    <p class='ocr_par' dir='ltr' id='par_1_85' title="bbox 2112 770 3686 897">
     <span class='ocr_line' id='line_1_85' title="bbox 2112 770 3686 897; baseline 0.006 -70"><span class='ocrx_word' id='word_1_651' title='bbox 2112 787 2275 897; x_wconf 49' lang='lat' dir='ltr'><strong>prope</strong></span> <span class='ocrx_word' id='word_1_652' title='bbox 2301 783 2402 897; x_wconf 52' lang='lat' dir='ltr'><strong>est:</strong></span> <span class='ocrx_word' id='word_1_653' title='bbox 2436 772 2686 843; x_wconf 83' lang='lat' dir='ltr'><strong>inquam!</strong></span> <span class='ocrx_word' id='word_1_654' title='bbox 2715 770 2983 845; x_wconf 79' lang='lat' dir='ltr'><strong>Incognita</strong></span> <span class='ocrx_word' id='word_1_655' title='bbox 3007 770 3184 830; x_wconf 89' lang='lat' dir='ltr'><strong>subito</strong></span> <span class='ocrx_word' id='word_1_656' title='bbox 3200 770 3373 840; x_wconf 80' lang='lat' dir='ltr'><strong>venit,</strong></span> <span class='ocrx_word' id='word_1_657' title='bbox 3399 786 3451 831; x_wconf 89' lang='lat' dir='ltr'><strong>et</strong></span> <span class='ocrx_word' id='word_1_658' title='bbox 3482 770 3686 836; x_wconf 76' lang='lat' dir='ltr'><strong>forsitan</strong></span> 
     </span>
     <span class='ocr_line' id='line_1_86' title="bbox 2132 859 2413 897; baseline 0.004 -1"><span class='ocrx_word' id='word_1_659' title='bbox 2132 859 2180 896; x_wconf 77' lang='grc'><strong>10</strong></span> <span class='ocrx_word' id='word_1_660' title='bbox 2225 859 2270 897; x_wconf 77' lang='lat' dir='ltr'><strong>Ie</strong></span> <span class='ocrx_word' id='word_1_661' title='bbox 2296 859 2368 897; x_wconf 77' lang='lat' dir='ltr'><strong>Cl&#39;l</strong></span> <span class='ocrx_word' id='word_1_662' title='bbox 2400 884 2413 897; x_wconf 83' lang='lat'><strong>.</strong></span> 
     </span>
    </p>
   </div>
   <div class='ocr_carea' id='block_1_86' title="bbox 2132 852 2413 898">
    <p class='ocr_par' dir='ltr' id='par_1_86' title="bbox 2132 852 2413 898">
     <span class='ocr_line' id='line_1_87' title="bbox 2132 852 2413 898; baseline 0.004 -2"><span class='ocrx_word' id='word_1_663' title='bbox 2132 852 2270 897; x_wconf 80' lang='lat' dir='ltr'><strong>indie</strong></span> <span class='ocrx_word' id='word_1_664' title='bbox 2296 852 2413 898; x_wconf 84' lang='lat' dir='ltr'><strong>erit.</strong></span> 
     </span>
    </p>
   </div>
   <div class='ocr_carea' id='block_1_87' title="bbox 2181 912 3688 986">
    <p class='ocr_par' dir='ltr' id='par_1_87' title="bbox 2181 912 3688 986">
     <span class='ocr_line' id='line_1_88' title="bbox 2181 912 3688 986; baseline 0.006 -18"><span class='ocrx_word' id='word_1_665' title='bbox 2181 913 2406 986; x_wconf 63' lang='lat' dir='ltr'><strong>CAPUT</strong></span> <span class='ocrx_word' id='word_1_666' title='bbox 2446 912 2581 970; x_wconf 83' lang='lat' dir='ltr'>VIII.</span> <span class='ocrx_word' id='word_1_667' title='bbox 2655 913 2804 982; x_wconf 83' lang='lat' dir='ltr'><strong>Quod</strong></span> <span class='ocrx_word' id='word_1_668' title='bbox 2862 925 3095 986; x_wconf 77' lang='lat' dir='ltr'><strong>peccator</strong></span> <span class='ocrx_word' id='word_1_669' title='bbox 3157 917 3222 971; x_wconf 75' lang='lat' dir='ltr'><strong>sit</strong></span> <span class='ocrx_word' id='word_1_670' title='bbox 3284 918 3458 973; x_wconf 79' lang='lat' dir='ltr'><strong>videns</strong></span> <span class='ocrx_word' id='word_1_671' title='bbox 3523 938 3688 977; x_wconf 68' lang='lat' dir='ltr'><strong>circus.</strong></span> 
     </span>
    </p>
   </div>
   <div class='ocr_carea' id='block_1_88' title="bbox 2113 984 3689 1053">
    <p class='ocr_par' dir='ltr' id='par_1_88' title="bbox 2113 984 3689 1053">
     <span class='ocr_line' id='line_1_89' title="bbox 2113 984 3689 1053; baseline 0.005 -14"><span class='ocrx_word' id='word_1_672' title='bbox 2113 984 2315 1042; x_wconf 88' lang='lat' dir='ltr'><strong>Delicta</strong></span> <span class='ocrx_word' id='word_1_673' title='bbox 2343 1001 2483 1051; x_wconf 87' lang='lat' dir='ltr'><strong>mea,</strong></span> <span class='ocrx_word' id='word_1_674' title='bbox 2514 1001 2580 1040; x_wconf 90' lang='lat' dir='ltr'><strong>au</strong></span> <span class='ocrx_word' id='word_1_675' title='bbox 2605 986 2770 1042; x_wconf 88' lang='lat' dir='ltr'><strong>eratis</strong></span> <span class='ocrx_word' id='word_1_676' title='bbox 2791 984 2898 1042; x_wconf 88' lang='lat' dir='ltr'><strong>tam</strong></span> <span class='ocrx_word' id='word_1_677' title='bbox 2920 987 3076 1042; x_wconf 81' lang='lat' dir='ltr'><strong>noxia</strong></span> <span class='ocrx_word' id='word_1_678' title='bbox 3108 986 3306 1053; x_wconf 83' lang='lat' dir='ltr'><strong>futura,</strong></span> <span class='ocrx_word' id='word_1_679' title='bbox 3326 1005 3449 1044; x_wconf 89' lang='lat' dir='ltr'><strong>cum</strong></span> <span class='ocrx_word' id='word_1_680' title='bbox 3474 993 3689 1047; x_wconf 81' lang='lat' dir='ltr'><strong>animam</strong></span> 
     </span>
    </p>
   </div>
   <div class='ocr_carea' id='block_1_89' title="bbox 2111 1056 3690 1129">
    <p class='ocr_par' dir='ltr' id='par_1_89' title="bbox 2111 1056 3690 1129">
     <span class='ocr_line' id='line_1_90' title="bbox 2111 1056 3690 1129; baseline 0.005 -19"><span class='ocrx_word' id='word_1_681' title='bbox 2111 1072 2286 1112; x_wconf 89' lang='lat' dir='ltr'><strong>meam</strong></span> <span class='ocrx_word' id='word_1_682' title='bbox 2324 1068 2521 1129; x_wconf 14' lang='lat' dir='ltr'><strong>vestra,</strong></span> <span class='ocrx_word' id='word_1_683' title='bbox 2547 1056 2827 1114; x_wconf 89' lang='lat' dir='ltr'><strong>dulcedine</strong></span> <span class='ocrx_word' id='word_1_684' title='bbox 2880 1057 3146 1129; x_wconf 79' lang='lat' dir='ltr'><strong>potabatis</strong></span> <span class='ocrx_word' id='word_1_685' title='bbox 3172 1099 3190 1123; x_wconf 92' lang='lat'><strong>,</strong></span> <span class='ocrx_word' id='word_1_686' title='bbox 3221 1075 3343 1114; x_wconf 91' lang='lat' dir='ltr'><strong>cum</strong></span> <span class='ocrx_word' id='word_1_687' title='bbox 3386 1076 3485 1116; x_wconf 89' lang='lat' dir='ltr'><strong>cor</strong></span> <span class='ocrx_word' id='word_1_688' title='bbox 3528 1079 3690 1120; x_wconf 82' lang='lat' dir='ltr'><strong>meum</strong></span> 
     </span>
    </p>
   </div>
   <div class='ocr_carea' id='block_1_90' title="bbox 2114 1127 3692 1199">
    <p class='ocr_par' dir='ltr' id='par_1_90' title="bbox 2114 1127 3692 1199">
     <span class='ocr_line' id='line_1_91' title="bbox 2114 1127 3692 1199; baseline 0.007 -21"><span class='ocrx_word' id='word_1_689' title='bbox 2114 1137 2290 1199; x_wconf 75' lang='lat' dir='ltr'><strong>vestra</strong></span> <span class='ocrx_word' id='word_1_690' title='bbox 2339 1127 2620 1184; x_wconf 87' lang='lat' dir='ltr'><strong>dulcedine</strong></span> <span class='ocrx_word' id='word_1_691' title='bbox 2673 1127 2997 1199; x_wconf 81' lang='lat' dir='ltr'><strong>ungebaiis?</strong></span> <span class='ocrx_word' id='word_1_692' title='bbox 3034 1128 3142 1184; x_wconf 88' lang='lat' dir='ltr'><strong>Cur</strong></span> <span class='ocrx_word' id='word_1_693' title='bbox 3194 1132 3306 1185; x_wconf 63' lang='lat' dir='ltr'><strong>hinc</strong></span> <span class='ocrx_word' id='word_1_694' title='bbox 3353 1147 3440 1186; x_wconf 91' lang='lat' dir='ltr'><strong>me</strong></span> <span class='ocrx_word' id='word_1_695' title='bbox 3489 1135 3692 1189; x_wconf 76' lang='lat' dir='ltr'><strong>celaba-</strong></span> 
     </span>
    </p>
   </div>
   <div class='ocr_carea' id='block_1_91' title="bbox 2114 1197 3691 1271">
    <p class='ocr_par' dir='ltr' id='par_1_91' title="bbox 2114 1197 3691 1271">
     <span class='ocr_line' id='line_1_92' title="bbox 2114 1197 3691 1271; baseline 0.006 -20"><span class='ocrx_word' id='word_1_696' title='bbox 2114 1197 2204 1271; x_wconf 54' lang='lat' dir='ltr'><strong>tis,</strong></span> <span class='ocrx_word' id='word_1_697' title='bbox 2228 1209 2281 1253; x_wconf 89' lang='lat' dir='ltr'><strong>et</strong></span> <span class='ocrx_word' id='word_1_698' title='bbox 2306 1214 2402 1255; x_wconf 89' lang='lat' dir='ltr'><strong>cur</strong></span> <span class='ocrx_word' id='word_1_699' title='bbox 2426 1215 2509 1254; x_wconf 89' lang='lat' dir='ltr'><strong>me</strong></span> <span class='ocrx_word' id='word_1_700' title='bbox 2541 1197 2862 1271; x_wconf 53' lang='lat' dir='ltr'><strong>tradeba&#39;tis?</strong></span> <span class='ocrx_word' id='word_1_701' title='bbox 2890 1199 2998 1271; x_wconf 89' lang='lat' dir='ltr'><strong>imo</strong></span> <span class='ocrx_word' id='word_1_702' title='bbox 3027 1216 3133 1255; x_wconf 92' lang='lat' dir='ltr'><strong>non</strong></span> <span class='ocrx_word' id='word_1_703' title='bbox 3155 1216 3253 1255; x_wconf 89' lang='lat' dir='ltr'><strong>vos</strong></span> <span class='ocrx_word' id='word_1_704' title='bbox 3280 1218 3366 1257; x_wconf 91' lang='lat' dir='ltr'><strong>me</strong></span> <span class='ocrx_word' id='word_1_705' title='bbox 3388 1204 3691 1271; x_wconf 84' lang='lat' dir='ltr'><strong>tradidistis;</strong></span> 
     </span>
    </p>
   </div>
   <div class='ocr_carea' id='block_1_92' title="bbox 2112 1239 3694 1342">
    <p class='ocr_par' dir='ltr' id='par_1_92' title="bbox 2112 1239 3694 1342">
     <span class='ocr_line' id='line_1_93' title="bbox 2112 1239 3694 1342; baseline 0.008 -21"><span class='ocrx_word' id='word_1_706' title='bbox 2112 1239 2206 1342; x_wconf 72' lang='lat' dir='ltr'><strong>sed</strong></span> <span class='ocrx_word' id='word_1_707' title='bbox 2232 1239 2336 1339; x_wconf 69' lang='lat' dir='ltr'><strong>ego</strong></span> <span class='ocrx_word' id='word_1_708' title='bbox 2375 1286 2460 1326; x_wconf 91' lang='lat' dir='ltr'><strong>me</strong></span> <span class='ocrx_word' id='word_1_709' title='bbox 2495 1239 2707 1338; x_wconf 70' lang='lat' dir='ltr'><strong>tradidi,</strong></span> <span class='ocrx_word' id='word_1_710' title='bbox 2733 1272 2825 1342; x_wconf 84' lang='lat' dir='ltr'><strong>qui</strong></span> <span class='ocrx_word' id='word_1_711' title='bbox 2869 1270 3021 1327; x_wconf 88' lang='lat' dir='ltr'><strong>vobis</strong></span> <span class='ocrx_word' id='word_1_712' title='bbox 3061 1239 3287 1326; x_wconf 39' lang='lat' dir='ltr'><strong>cru-ledidi.</strong></span> 
     </span>
    </p>
   </div>
   <div class='ocr_carea' id='block_1_93' title="bbox 2112 1338 3694 1413">
    <p class='ocr_par' dir='ltr' id='par_1_93' title="bbox 2112 1338 3694 1413">
     <span class='ocr_line' id='line_1_94' title="bbox 2112 1338 3694 1413; baseline 0.005 -18"><span class='ocrx_word' id='word_1_713' title='bbox 2112 1338 2415 1413; x_wconf 80' lang='lat' dir='ltr'><strong>decepistis,</strong></span> <span class='ocrx_word' id='word_1_714' title='bbox 2441 1342 2534 1397; x_wconf 85' lang='lat' dir='ltr'><strong>sed</strong></span> <span class='ocrx_word' id='word_1_715' title='bbox 2555 1357 2656 1410; x_wconf 82' lang='lat' dir='ltr'><strong>ego</strong></span> <span class='ocrx_word' id='word_1_716' title='bbox 2674 1338 2770 1413; x_wconf 58' lang='lat' dir='ltr'><strong>me</strong></span> <span class='ocrx_word' id='word_1_717' title='bbox 2785 1340 3101 1413; x_wconf 12' lang='lat' dir='ltr'><strong>decepi,iqui</strong></span> <span class='ocrx_word' id='word_1_718' title='bbox 3126 1358 3221 1397; x_wconf 85' lang='lat' dir='ltr'><strong>vos</strong></span> <span class='ocrx_word' id='word_1_719' title='bbox 3250 1345 3387 1398; x_wconf 89' lang='lat' dir='ltr'><strong>intra</strong></span> <span class='ocrx_word' id='word_1_720' title='bbox 3415 1360 3510 1400; x_wconf 88' lang='lat' dir='ltr'><strong>me</strong></span> <span class='ocrx_word' id='word_1_721' title='bbox 3528 1361 3694 1403; x_wconf 80' lang='lat' dir='ltr'><strong>susce-</strong></span> 
     </span>
    </p>
   </div>
   <div class='ocr_carea' id='block_1_94' title="bbox 2151 1410 3693 1471">
    <p class='ocr_par' dir='ltr' id='par_1_94' title="bbox 2151 1410 3693 1471">
     <span class='ocr_line' id='line_1_95' title="bbox 2151 1410 3693 1471; baseline 0.004 -6"><span class='ocrx_word' id='word_1_722' title='bbox 2151 1411 2187 1465; x_wconf 92' lang='lat' dir='ltr'><strong>i.</strong></span> <span class='ocrx_word' id='word_1_723' title='bbox 2214 1410 2361 1466; x_wconf 83' lang='lat' dir='ltr'><strong>Heu!</strong></span> <span class='ocrx_word' id='word_1_724' title='bbox 2393 1427 2490 1468; x_wconf 88' lang='lat' dir='ltr'><strong>cur</strong></span> <span class='ocrx_word' id='word_1_725' title='bbox 2518 1412 2671 1470; x_wconf 87' lang='lat' dir='ltr'><strong>vobis</strong></span> <span class='ocrx_word' id='word_1_726' title='bbox 2690 1411 2906 1468; x_wconf 88' lang='lat' dir='ltr'><strong>adhibui</strong></span> <span class='ocrx_word' id='word_1_727' title='bbox 2923 1410 3141 1469; x_wconf 16' lang='lat' dir='ltr'><strong>itidem?</strong></span> <span class='ocrx_word' id='word_1_728' title='bbox 3167 1430 3262 1468; x_wconf 87' lang='lat' dir='ltr'><strong>cur</strong></span> <span class='ocrx_word' id='word_1_729' title='bbox 3282 1428 3336 1468; x_wconf 85' lang='lat' dir='ltr'><strong>et</strong></span> <span class='ocrx_word' id='word_1_730' title='bbox 3370 1418 3593 1471; x_wconf 87' lang='lat' dir='ltr'><strong>credidi</strong></span> <span class='ocrx_word' id='word_1_731' title='bbox 3618 1435 3693 1471; x_wconf 81' lang='lat' dir='ltr'><strong>vo-</strong></span> 
     </span>
    </p>
   </div>
   <div class='ocr_carea' id='block_1_95' title="bbox 2152 1481 3694 1551">
    <p class='ocr_par' dir='ltr' id='par_1_95' title="bbox 2152 1481 3694 1551">
     <span class='ocr_line' id='line_1_96' title="bbox 2152 1481 3694 1551; baseline 0.007 -16"><span class='ocrx_word' id='word_1_732' title='bbox 2152 1481 2229 1536; x_wconf 87' lang='lat' dir='ltr'><strong>is?</strong></span> <span class='ocrx_word' id='word_1_733' title='bbox 2272 1482 2383 1548; x_wconf 81' lang='lat' dir='ltr'><strong>lmo</strong></span> <span class='ocrx_word' id='word_1_734' title='bbox 2426 1499 2529 1538; x_wconf 90' lang='lat' dir='ltr'><strong>non</strong></span> <span class='ocrx_word' id='word_1_735' title='bbox 2576 1483 2731 1540; x_wconf 87' lang='lat' dir='ltr'><strong>habui</strong></span> <span class='ocrx_word' id='word_1_736' title='bbox 2782 1483 2938 1539; x_wconf 88' lang='lat' dir='ltr'><strong>tidem</strong></span> <span class='ocrx_word' id='word_1_737' title='bbox 2988 1499 3088 1540; x_wconf 89' lang='lat' dir='ltr'><strong>nec</strong></span> <span class='ocrx_word' id='word_1_738' title='bbox 3128 1484 3332 1539; x_wconf 87' lang='lat' dir='ltr'><strong>credidi</strong></span> <span class='ocrx_word' id='word_1_739' title='bbox 3382 1488 3546 1542; x_wconf 85' lang='lat' dir='ltr'><strong>vobis</strong></span> <span class='ocrx_word' id='word_1_740' title='bbox 3579 1490 3694 1551; x_wconf 87' lang='lat' dir='ltr'><strong>;sed</strong></span> 
     </span>
    </p>
   </div>
   <div class='ocr_carea' id='block_1_96' title="bbox 2114 1551 3693 1634">
    <p class='ocr_par' dir='ltr' id='par_1_96' title="bbox 2114 1551 3693 1634">
     <span class='ocr_line' id='line_1_97' title="bbox 2114 1551 3693 1634; baseline 0.006 -29"><span class='ocrx_word' id='word_1_741' title='bbox 2114 1551 2354 1634; x_wconf 68' lang='lat' dir='ltr'><strong>quodam</strong></span> <span class='ocrx_word' id='word_1_742' title='bbox 2382 1552 2624 1634; x_wconf 74' lang='lat' dir='ltr'><strong>horribili</strong></span> <span class='ocrx_word' id='word_1_743' title='bbox 2666 1554 2828 1634; x_wconf 76' lang='lat' dir='ltr'><strong>modo</strong></span> <span class='ocrx_word' id='word_1_744' title='bbox 2855 1554 3041 1610; x_wconf 91' lang='lat' dir='ltr'><strong>videns</strong></span> <span class='ocrx_word' id='word_1_745' title='bbox 3064 1569 3241 1611; x_wconf 73' lang='lat' dir='ltr'><strong>cmcus</strong></span> <span class='ocrx_word' id='word_1_746' title='bbox 3270 1572 3357 1634; x_wconf 83' lang='lat' dir='ltr'><strong>me</strong></span> <span class='ocrx_word' id='word_1_747' title='bbox 3383 1558 3595 1615; x_wconf 84' lang='lat' dir='ltr'><strong>tradidi</strong></span> <span class='ocrx_word' id='word_1_748' title='bbox 3619 1576 3693 1615; x_wconf 78' lang='lat' dir='ltr'><strong>vo-</strong></span> 
     </span>
    </p>
   </div>
   <div class='ocr_carea' id='block_1_97' title="bbox 2114 1622 3696 1701">
    <p class='ocr_par' dir='ltr' id='par_1_97' title="bbox 2114 1622 3696 1701">
     <span class='ocr_line' id='line_1_98' title="bbox 2114 1622 3696 1701; baseline 0.008 -25"><span class='ocrx_word' id='word_1_749' title='bbox 2114 1622 2240 1701; x_wconf 52' lang='lat' dir='ltr'><strong>bis;</strong></span> <span class='ocrx_word' id='word_1_750' title='bbox 2271 1624 2457 1681; x_wconf 85' lang='lat' dir='ltr'><strong>videns</strong></span> <span class='ocrx_word' id='word_1_751' title='bbox 2504 1624 2648 1681; x_wconf 91' lang='lat' dir='ltr'><strong>enim</strong></span> <span class='ocrx_word' id='word_1_752' title='bbox 2671 1670 2688 1691; x_wconf 85' lang='lat'><strong>,</strong></span> <span class='ocrx_word' id='word_1_753' title='bbox 2711 1625 2834 1701; x_wconf 80' lang='lat' dir='ltr'><strong>quia</strong></span> <span class='ocrx_word' id='word_1_754' title='bbox 2855 1697 2867 1701; x_wconf 28' lang='grc' dir='ltr'><strong>Α</strong></span> <span class='ocrx_word' id='word_1_755' title='bbox 2886 1641 2983 1681; x_wconf 85' lang='lat' dir='ltr'><strong>vos</strong></span> <span class='ocrx_word' id='word_1_756' title='bbox 3025 1629 3416 1701; x_wconf 74' lang='lat' dir='ltr'><strong>cognoscebam</strong></span> <span class='ocrx_word' id='word_1_757' title='bbox 3437 1669 3452 1693; x_wconf 85' lang='lat'><strong>,</strong></span> <span class='ocrx_word' id='word_1_758' title='bbox 3483 1638 3546 1685; x_wconf 84' lang='lat' dir='ltr'><strong>et</strong></span> <span class='ocrx_word' id='word_1_759' title='bbox 3599 1648 3696 1701; x_wconf 71' lang='lat' dir='ltr'><strong>qua</strong></span> 
     </span>
    </p>
   </div>
   <div class='ocr_carea' id='block_1_98' title="bbox 2114 1694 3695 1770">
    <p class='ocr_par' dir='ltr' id='par_1_98' title="bbox 2114 1694 3695 1770">
     <span class='ocr_line' id='line_1_99' title="bbox 2114 1694 3695 1770; baseline 0.008 -24"><span class='ocrx_word' id='word_1_760' title='bbox 2114 1694 2252 1770; x_wconf 83' lang='lat' dir='ltr'><strong>mala</strong></span> <span class='ocrx_word' id='word_1_761' title='bbox 2275 1710 2378 1770; x_wconf 73' lang='lat' dir='ltr'><strong>vos</strong></span> <span class='ocrx_word' id='word_1_762' title='bbox 2403 1706 2715 1770; x_wconf 76' lang='lat' dir='ltr'><strong>sequuntur,</strong></span> <span class='ocrx_word' id='word_1_763' title='bbox 2728 1694 2997 1762; x_wconf 59' lang='lat' dir='ltr'><strong>&#39;scicbam;</strong></span> <span class='ocrx_word' id='word_1_764' title='bbox 3028 1694 3203 1753; x_wconf 61' lang='lat' dir='ltr'><strong>caicus</strong></span> <span class='ocrx_word' id='word_1_765' title='bbox 3228 1698 3372 1770; x_wconf 89' lang='lat' dir='ltr'><strong>enim</strong></span> <span class='ocrx_word' id='word_1_766' title='bbox 3398 1741 3415 1765; x_wconf 97' lang='lat'><strong>,</strong></span> <span class='ocrx_word' id='word_1_767' title='bbox 3446 1701 3582 1770; x_wconf 84' lang='lat' dir='ltr'><strong>quia</strong></span> <span class='ocrx_word' id='word_1_768' title='bbox 3606 1694 3695 1758; x_wconf 80' lang='lat' dir='ltr'><strong>non</strong></span> 
     </span>
    </p>
   </div>
   <div class='ocr_carea' id='block_1_99' title="bbox 2114 1764 3693 1840">
    <p class='ocr_par' dir='ltr' id='par_1_99' title="bbox 2114 1764 3693 1840">
     <span class='ocr_line' id='line_1_100' title="bbox 2114 1764 3693 1840; baseline 0.007 -23"><span class='ocrx_word' id='word_1_769' title='bbox 2114 1778 2142 1817; x_wconf 91' lang='lat' dir='ltr'><strong>a</strong></span> <span class='ocrx_word' id='word_1_770' title='bbox 2171 1764 2319 1840; x_wconf 80' lang='lat' dir='ltr'><strong>vobis</strong></span> <span class='ocrx_word' id='word_1_771' title='bbox 2338 1764 2612 1840; x_wconf 75' lang='lat' dir='ltr'><strong>cavebam.</strong></span> <span class='ocrx_word' id='word_1_772' title='bbox 2645 1766 2760 1840; x_wconf 87' lang='lat' dir='ltr'><strong>Heu</strong></span> <span class='ocrx_word' id='word_1_773' title='bbox 2787 1779 3093 1840; x_wconf 69' lang='lat' dir='ltr'><strong>peccatum,</strong></span> <span class='ocrx_word' id='word_1_774' title='bbox 3109 1783 3304 1823; x_wconf 88' lang='lat' dir='ltr'><strong>nomen</strong></span> <span class='ocrx_word' id='word_1_775' title='bbox 3328 1764 3652 1827; x_wconf 74' lang='lat' dir='ltr'><strong>horrendum</strong></span> <span class='ocrx_word' id='word_1_776' title='bbox 3678 1813 3693 1839; x_wconf 89' lang='lat'><strong>,</strong></span> 
     </span>
    </p>
   </div>
   <div class='ocr_carea' id='block_1_100' title="bbox 2116 1836 3699 1908">
    <p class='ocr_par' dir='ltr' id='par_1_100' title="bbox 2116 1836 3699 1908">
     <span class='ocr_line' id='line_1_101' title="bbox 2116 1836 3699 1908; baseline 0.006 -19"><span class='ocrx_word' id='word_1_777' title='bbox 2116 1850 2203 1908; x_wconf 83' lang='lat' dir='ltr'><strong>res</strong></span> <span class='ocrx_word' id='word_1_778' title='bbox 2228 1836 2558 1908; x_wconf 78' lang='lat' dir='ltr'><strong>detestabilis</strong></span> <span class='ocrx_word' id='word_1_779' title='bbox 2576 1881 2591 1904; x_wconf 95' lang='lat'><strong>,</strong></span> <span class='ocrx_word' id='word_1_780' title='bbox 2612 1839 2741 1893; x_wconf 90' lang='lat' dir='ltr'><strong>nulli</strong></span> <span class='ocrx_word' id='word_1_781' title='bbox 2771 1836 2914 1893; x_wconf 79' lang='lat' dir='ltr'><strong>malo</strong></span> <span class='ocrx_word' id='word_1_782' title='bbox 2934 1840 3313 1908; x_wconf 85' lang='lat' dir='ltr'><strong>comparabilis</strong></span> <span class='ocrx_word' id='word_1_783' title='bbox 3337 1843 3352 1895; x_wconf 86' lang='lat' dir='ltr'><strong>l</strong></span> <span class='ocrx_word' id='word_1_784' title='bbox 3383 1841 3581 1897; x_wconf 54' lang='lat' dir='ltr'><strong>(iectas</strong></span> <span class='ocrx_word' id='word_1_785' title='bbox 3602 1836 3699 1899; x_wconf 78' lang='lat' dir='ltr'><strong>non</strong></span> 
     </span>
    </p>
   </div>
   <div class='ocr_carea' id='block_1_101' title="bbox 2118 1905 3700 1981">
    <p class='ocr_par' dir='ltr' id='par_1_101' title="bbox 2118 1905 3700 1981">
     <span class='ocr_line' id='line_1_102' title="bbox 2118 1905 3700 1981; baseline 0.007 -21"><span class='ocrx_word' id='word_1_786' title='bbox 2118 1905 2259 1981; x_wconf 72' lang='lat' dir='ltr'><strong>videt</strong></span> <span class='ocrx_word' id='word_1_787' title='bbox 2282 1906 2570 1981; x_wconf 81' lang='lat' dir='ltr'><strong>foveamin</strong></span> <span class='ocrx_word' id='word_1_788' title='bbox 2597 1924 2755 1981; x_wconf 83' lang='lat' dir='ltr'><strong>quam</strong></span> <span class='ocrx_word' id='word_1_789' title='bbox 2784 1910 2964 1976; x_wconf 88' lang='lat' dir='ltr'><strong>cadit,</strong></span> <span class='ocrx_word' id='word_1_790' title='bbox 2994 1905 3213 1981; x_wconf 84' lang='lat' dir='ltr'><strong>insanus</strong></span> <span class='ocrx_word' id='word_1_791' title='bbox 3249 1920 3401 1981; x_wconf 90' lang='lat' dir='ltr'><strong>putat</strong></span> <span class='ocrx_word' id='word_1_792' title='bbox 3428 1927 3495 1968; x_wconf 86' lang='lat' dir='ltr'><strong>se</strong></span> <span class='ocrx_word' id='word_1_793' title='bbox 3519 1913 3700 1971; x_wconf 75' lang='lat' dir='ltr'><strong>debere</strong></span> 
     </span>
    </p>
   </div>
   <div class='ocr_carea' id='block_1_102' title="bbox 2117 1976 3701 2051">
    <p class='ocr_par' dir='ltr' id='par_1_102' title="bbox 2117 1976 3701 2051">
     <span class='ocr_line' id='line_1_103' title="bbox 2117 1976 3701 2051; baseline 0.007 -20"><span class='ocrx_word' id='word_1_794' title='bbox 2117 1976 2291 2051; x_wconf 80' lang='lat' dir='ltr'><strong>facere</strong></span> <span class='ocrx_word' id='word_1_795' title='bbox 2318 1979 2459 2048; x_wconf 90' lang='lat' dir='ltr'><strong>quod</strong></span> <span class='ocrx_word' id='word_1_796' title='bbox 2484 1976 2639 2051; x_wconf 74' lang='lat' dir='ltr'><strong>facit;</strong></span> <span class='ocrx_word' id='word_1_797' title='bbox 2666 1979 2759 2050; x_wconf 88' lang='lat' dir='ltr'><strong>qui</strong></span> <span class='ocrx_word' id='word_1_798' title='bbox 2782 1989 2973 2050; x_wconf 84' lang='lat' dir='ltr'><strong>sponte</strong></span> <span class='ocrx_word' id='word_1_799' title='bbox 3010 1980 3134 2036; x_wconf 89' lang='lat' dir='ltr'><strong>facit</strong></span> <span class='ocrx_word' id='word_1_800' title='bbox 3163 1976 3443 2051; x_wconf 83' lang='lat' dir='ltr'><strong>peccatum</strong></span> <span class='ocrx_word' id='word_1_801' title='bbox 3475 2025 3496 2049; x_wconf 86' lang='lat'><strong>,</strong></span> <span class='ocrx_word' id='word_1_802' title='bbox 3530 1984 3701 2043; x_wconf 77' lang='lat' dir='ltr'><strong>videas</strong></span> 
     </span>
    </p>
   </div>
   <div class='ocr_carea' id='block_1_103' title="bbox 2116 2048 3700 2127">
    <p class='ocr_par' dir='ltr' id='par_1_103' title="bbox 2116 2048 3700 2127">
     <span class='ocr_line' id='line_1_104' title="bbox 2116 2048 3700 2127; baseline 0.006 -25"><span class='ocrx_word' id='word_1_803' title='bbox 2116 2056 2172 2127; x_wconf 71' lang='lat' dir='ltr'><strong>et</strong></span> <span class='ocrx_word' id='word_1_804' title='bbox 2206 2048 2380 2105; x_wconf 88' lang='lat' dir='ltr'><strong>sciens</strong></span> <span class='ocrx_word' id='word_1_805' title='bbox 2408 2048 2698 2121; x_wconf 71' lang='lat' dir='ltr'><strong>przecipitio</strong></span> <span class='ocrx_word' id='word_1_806' title='bbox 2721 2065 2781 2105; x_wconf 92' lang='lat' dir='ltr'><strong>se</strong></span> <span class='ocrx_word' id='word_1_807' title='bbox 2810 2048 2987 2106; x_wconf 82' lang='lat' dir='ltr'><strong>tradit.</strong></span> <span class='ocrx_word' id='word_1_808' title='bbox 3016 2048 3553 2127; x_wconf 37' lang='lat' dir='ltr'><strong>Morset‘tormenta</strong></span> <span class='ocrx_word' id='word_1_809' title='bbox 3578 2072 3700 2127; x_wconf 57' lang='lat' dir='ltr'><strong>quae</strong></span> 
     </span>
    </p>
   </div>
   <div class='ocr_carea' id='block_1_104' title="bbox 2116 2118 3698 2194">
    <p class='ocr_par' dir='ltr' id='par_1_104' title="bbox 2116 2118 3698 2194">
     <span class='ocr_line' id='line_1_105' title="bbox 2116 2118 3698 2194; baseline 0.007 -23"><span class='ocrx_word' id='word_1_810' title='bbox 2116 2118 2264 2194; x_wconf 81' lang='lat' dir='ltr'><strong>libet,</strong></span> <span class='ocrx_word' id='word_1_811' title='bbox 2296 2118 2554 2194; x_wconf 76' lang='lat' dir='ltr'><strong>tormenta</strong></span> <span class='ocrx_word' id='word_1_812' title='bbox 2573 2118 2783 2177; x_wconf 81' lang='lat' dir='ltr'><strong>tantum</strong></span> <span class='ocrx_word' id='word_1_813' title='bbox 2811 2130 2956 2188; x_wconf 89' lang='lat' dir='ltr'><strong>sunt,</strong></span> <span class='ocrx_word' id='word_1_814' title='bbox 2983 2123 3113 2194; x_wconf 86' lang='lat' dir='ltr'><strong>etin</strong></span> <span class='ocrx_word' id='word_1_815' title='bbox 3144 2122 3368 2194; x_wconf 11' lang='lat' dir='ltr'><strong>se‘fmda</strong></span> <span class='ocrx_word' id='word_1_816' title='bbox 3401 2140 3524 2180; x_wconf 85' lang='lat' dir='ltr'><strong>nou</strong></span> <span class='ocrx_word' id='word_1_817' title='bbox 3562 2118 3698 2194; x_wconf 77' lang='lat' dir='ltr'><strong>sunt,</strong></span> 
     </span>
    </p>
   </div>
   <div class='ocr_carea' id='block_1_105' title="bbox 2116 2189 3702 2260">
    <p class='ocr_par' dir='ltr' id='par_1_105' title="bbox 2116 2189 3702 2260">
     <span class='ocr_line' id='line_1_106' title="bbox 2116 2189 3702 2260; baseline 0.008 -19"><span class='ocrx_word' id='word_1_818' title='bbox 2116 2189 2238 2257; x_wconf 90' lang='lat' dir='ltr'><strong>quia</strong></span> <span class='ocrx_word' id='word_1_819' title='bbox 2269 2189 2510 2245; x_wconf 89' lang='lat' dir='ltr'><strong>ordinata</strong></span> <span class='ocrx_word' id='word_1_820' title='bbox 2537 2201 2691 2256; x_wconf 89' lang='lat' dir='ltr'><strong>sunt;</strong></span> <span class='ocrx_word' id='word_1_821' title='bbox 2720 2200 2995 2260; x_wconf 88' lang='lat' dir='ltr'><strong>peccatum</strong></span> <span class='ocrx_word' id='word_1_822' title='bbox 3038 2193 3090 2247; x_wconf 94' lang='lat' dir='ltr'><strong>in</strong></span> <span class='ocrx_word' id='word_1_823' title='bbox 3116 2208 3175 2249; x_wconf 89' lang='lat' dir='ltr'><strong>se</strong></span> <span class='ocrx_word' id='word_1_824' title='bbox 3209 2192 3366 2250; x_wconf 85' lang='lat' dir='ltr'><strong>habet</strong></span> <span class='ocrx_word' id='word_1_825' title='bbox 3410 2189 3702 2254; x_wconf 55' lang='lat' dir='ltr'><strong>[redimere</strong></span> 
     </span>
    </p>
   </div>
   <div class='ocr_carea' id='block_1_106' title="bbox 2113 2262 3700 2324">
    <p class='ocr_par' dir='ltr' id='par_1_106' title="bbox 2113 2262 3700 2324">
     <span class='ocr_line' id='line_1_107' title="bbox 2113 2262 3700 2324; baseline 0.006 -11"><span class='ocrx_word' id='word_1_826' title='bbox 2113 2274 2289 2324; x_wconf 90' lang='lat' dir='ltr'><strong>suam,</strong></span> <span class='ocrx_word' id='word_1_827' title='bbox 2311 2262 2362 2315; x_wconf 92' lang='lat' dir='ltr'><strong>in</strong></span> <span class='ocrx_word' id='word_1_828' title='bbox 2390 2278 2448 2317; x_wconf 91' lang='lat' dir='ltr'><strong>se</strong></span> <span class='ocrx_word' id='word_1_829' title='bbox 2475 2262 2635 2318; x_wconf 84' lang='lat' dir='ltr'><strong>trahit</strong></span> <span class='ocrx_word' id='word_1_830' title='bbox 2662 2272 2915 2318; x_wconf 78' lang='lat' dir='ltr'><strong>aeternam</strong></span> <span class='ocrx_word' id='word_1_831' title='bbox 2939 2263 3318 2320; x_wconf 84' lang='lat' dir='ltr'><strong>infelicitatem.</strong></span> <span class='ocrx_word' id='word_1_832' title='bbox 3346 2265 3561 2322; x_wconf 80' lang='lat' dir='ltr'><strong>Melius</strong></span> <span class='ocrx_word' id='word_1_833' title='bbox 3584 2271 3700 2323; x_wconf 78' lang='lat' dir='ltr'><strong>enim</strong></span> 
     </span>
    </p>
   </div>
   <div class='ocr_carea' id='block_1_107' title="bbox 2115 2331 3699 2404">
    <p class='ocr_par' dir='ltr' id='par_1_107' title="bbox 2115 2331 3699 2404">
     <span class='ocr_line' id='line_1_108' title="bbox 2115 2331 3699 2404; baseline 0.005 -17"><span class='ocrx_word' id='word_1_834' title='bbox 2115 2339 2231 2387; x_wconf 81' lang='lat' dir='ltr'><strong>erat</strong></span> <span class='ocrx_word' id='word_1_835' title='bbox 2284 2331 2481 2400; x_wconf 85' lang='lat' dir='ltr'><strong>eligere</strong></span> <span class='ocrx_word' id='word_1_836' title='bbox 2536 2342 2858 2388; x_wconf 87' lang='lat' dir='ltr'><strong>tormentum</strong></span> <span class='ocrx_word' id='word_1_837' title='bbox 2885 2334 2908 2367; x_wconf 77' lang='grc'>³</span> <span class='ocrx_word' id='word_1_838' title='bbox 2957 2333 3099 2404; x_wconf 91' lang='lat' dir='ltr'><strong>quod</strong></span> <span class='ocrx_word' id='word_1_839' title='bbox 3150 2350 3246 2404; x_wconf 89' lang='lat' dir='ltr'><strong>per</strong></span> <span class='ocrx_word' id='word_1_840' title='bbox 3296 2351 3355 2392; x_wconf 89' lang='lat' dir='ltr'><strong>se</strong></span> <span class='ocrx_word' id='word_1_841' title='bbox 3421 2336 3699 2395; x_wconf 69' lang='lat' dir='ltr'><strong>fceditatem</strong></span> 
     </span>
    </p>
   </div>
   <div class='ocr_carea' id='block_1_108' title="bbox 2114 2405 3700 2477">
    <p class='ocr_par' dir='ltr' id='par_1_108' title="bbox 2114 2405 3700 2477">
     <span class='ocr_line' id='line_1_109' title="bbox 2114 2405 3700 2477; baseline 0.008 -25"><span class='ocrx_word' id='word_1_842' title='bbox 2114 2409 2368 2477; x_wconf 68' lang='lat' dir='ltr'><strong>atternam</strong></span> <span class='ocrx_word' id='word_1_843' title='bbox 2395 2419 2500 2477; x_wconf 81' lang='lat' dir='ltr'><strong>non</strong></span> <span class='ocrx_word' id='word_1_844' title='bbox 2526 2405 2777 2470; x_wconf 88' lang='lat' dir='ltr'><strong>attrahit,</strong></span> <span class='ocrx_word' id='word_1_845' title='bbox 2804 2419 2961 2477; x_wconf 79' lang='lat' dir='ltr'><strong>quam</strong></span> <span class='ocrx_word' id='word_1_846' title='bbox 2993 2414 3266 2475; x_wconf 87' lang='lat' dir='ltr'><strong>peccatum</strong></span> <span class='ocrx_word' id='word_1_847' title='bbox 3294 2409 3451 2477; x_wconf 85' lang='lat' dir='ltr'><strong>quod</strong></span> <span class='ocrx_word' id='word_1_848' title='bbox 3478 2426 3584 2464; x_wconf 86' lang='lat' dir='ltr'><strong>sua</strong></span> <span class='ocrx_word' id='word_1_849' title='bbox 3603 2425 3700 2465; x_wconf 87' lang='lat' dir='ltr'><strong>cum</strong></span> 
     </span>
    </p>
   </div>
   <div class='ocr_carea' id='block_1_109' title="bbox 2117 2469 3701 2545">
    <p class='ocr_par' dir='ltr' id='par_1_109' title="bbox 2117 2469 3701 2545">
     <span class='ocr_line' id='line_1_110' title="bbox 2117 2469 3701 2545; baseline 0.007 -21"><span class='ocrx_word' id='word_1_850' title='bbox 2117 2469 2353 2545; x_wconf 74' lang='lat' dir='ltr'><strong>faalitate</strong></span> <span class='ocrx_word' id='word_1_851' title='bbox 2379 2473 2595 2545; x_wconf 87' lang='lat' dir='ltr'><strong>dolores</strong></span> <span class='ocrx_word' id='word_1_852' title='bbox 2619 2469 2850 2531; x_wconf 68' lang='lat' dir='ltr'><strong>teternos</strong></span> <span class='ocrx_word' id='word_1_853' title='bbox 2863 2469 3056 2545; x_wconf 77' lang='lat' dir='ltr'><strong>jungit.</strong></span> <span class='ocrx_word' id='word_1_854' title='bbox 3082 2477 3147 2531; x_wconf 86' lang='lat' dir='ltr'><strong>Et</strong></span> <span class='ocrx_word' id='word_1_855' title='bbox 3170 2469 3339 2543; x_wconf 72' lang='lat' dir='ltr'><strong>certe,</strong></span> <span class='ocrx_word' id='word_1_856' title='bbox 3356 2494 3395 2531; x_wconf 91' lang='grc' dir='ltr'>ο</span> <span class='ocrx_word' id='word_1_857' title='bbox 3415 2479 3598 2537; x_wconf 84' lang='lat' dir='ltr'><strong>miser</strong></span> <span class='ocrx_word' id='word_1_858' title='bbox 3622 2482 3701 2535; x_wconf 85' lang='lat' dir='ltr'><strong>ho-</strong></span> 
     </span>
    </p>
   </div>
   <div class='ocr_carea' id='block_1_110' title="bbox 2115 2544 3701 2622">
    <p class='ocr_par' dir='ltr' id='par_1_110' title="bbox 2115 2544 3701 2622">
     <span class='ocr_line' id='line_1_111' title="bbox 2115 2544 3701 2622; baseline 0.007 -27"><span class='ocrx_word' id='word_1_859' title='bbox 2115 2544 2367 2622; x_wconf 79' lang='lat' dir='ltr'><strong>mo,_ipsa</strong></span> <span class='ocrx_word' id='word_1_860' title='bbox 2394 2545 2505 2599; x_wconf 90' lang='lat' dir='ltr'><strong>sola</strong></span> <span class='ocrx_word' id='word_1_861' title='bbox 2535 2544 2654 2613; x_wconf 86' lang='lat' dir='ltr'><strong>plus</strong></span> <span class='ocrx_word' id='word_1_862' title='bbox 2679 2554 2764 2603; x_wconf 85' lang='lat' dir='ltr'><strong>est</strong></span> <span class='ocrx_word' id='word_1_863' title='bbox 2786 2544 2998 2622; x_wconf 71' lang='lat' dir='ltr'><strong>vitanda</strong></span> <span class='ocrx_word' id='word_1_864' title='bbox 3026 2549 3225 2622; x_wconf 77' lang='lat' dir='ltr'><strong>peccati</strong></span> <span class='ocrx_word' id='word_1_865' title='bbox 3255 2548 3489 2622; x_wconf 65' lang='lat' dir='ltr'><strong>{inditas</strong></span> <span class='ocrx_word' id='word_1_866' title='bbox 3520 2594 3538 2617; x_wconf 89' lang='lat'><strong>,</strong></span> <span class='ocrx_word' id='word_1_867' title='bbox 3564 2567 3701 2622; x_wconf 83' lang='lat' dir='ltr'><strong>quam</strong></span> 
     </span>
    </p>
   </div>
   <div class='ocr_carea' id='block_1_111' title="bbox 2114 2614 3700 2737">
    <p class='ocr_par' dir='ltr' id='par_1_111' title="bbox 2114 2614 3700 2737">
     <span class='ocr_line' id='line_1_112' title="bbox 2114 2614 3700 2737; baseline 0.006 -70"><span class='ocrx_word' id='word_1_868' title='bbox 2114 2614 2362 2737; x_wconf 45' lang='lat' dir='ltr'><strong>quaelibet</strong></span> <span class='ocrx_word' id='word_1_869' title='bbox 2381 2624 2763 2672; x_wconf 88' lang='lat' dir='ltr'><strong>tormentorum</strong></span> <span class='ocrx_word' id='word_1_870' title='bbox 2786 2614 3106 2671; x_wconf 75' lang='lat' dir='ltr'><strong>immanitas.</strong></span> <span class='ocrx_word' id='word_1_871' title='bbox 3125 2617 3332 2689; x_wconf 85' lang='lat' dir='ltr'><strong>Quippe</strong></span> <span class='ocrx_word' id='word_1_872' title='bbox 3354 2620 3414 2675; x_wconf 87' lang='lat' dir='ltr'><strong>in</strong></span> <span class='ocrx_word' id='word_1_873' title='bbox 3440 2614 3700 2689; x_wconf 67' lang='lat' dir='ltr'><strong>peccando</strong></span> 
     </span>
     <span class='ocr_line' id='line_1_113' title="bbox 2134 2684 3698 2737; baseline 0 0"><span class='ocrx_word' id='word_1_874' title='bbox 2134 2684 2404 2737; x_wconf 73' lang='lat' dir='ltr'><strong>mdissima</strong></span> <span class='ocrx_word' id='word_1_875' title='bbox 2451 2688 2796 2737; x_wconf 80' lang='lat' dir='ltr'><strong>perversitate</strong></span> <span class='ocrx_word' id='word_1_876' title='bbox 2829 2690 3161 2737; x_wconf 65' lang='lat' dir='ltr'><strong>nrmnosnisti</strong></span> <span class='ocrx_word' id='word_1_877' title='bbox 3211 2699 3262 2737; x_wconf 75' lang='lat' dir='ltr'><strong>le</strong></span> <span class='ocrx_word' id='word_1_878' title='bbox 3289 2691 3553 2737; x_wconf 66' lang='lat' dir='ltr'><strong>Crealnri</strong></span> <span class='ocrx_word' id='word_1_879' title='bbox 3591 2705 3698 2737; x_wconf 72' lang='lat' dir='ltr'><strong>nm-</strong></span> 
     </span>
    </p>
   </div>
   <div class='ocr_carea' id='block_1_112' title="bbox 2134 2684 3700 2760">
    <p class='ocr_par' dir='ltr' id='par_1_112' title="bbox 2134 2684 3700 2760">
     <span class='ocr_line' id='line_1_114' title="bbox 2134 2684 3700 2760; baseline 0.006 -21"><span class='ocrx_word' id='word_1_880' title='bbox 2134 2684 2417 2760; x_wconf 67' lang='lat' dir='ltr'><strong>indissima</strong></span> <span class='ocrx_word' id='word_1_881' title='bbox 2450 2688 2796 2760; x_wconf 83' lang='lat' dir='ltr'><strong>perversitate</strong></span> <span class='ocrx_word' id='word_1_882' title='bbox 2829 2684 3166 2760; x_wconf 64' lang='lat' dir='ltr'><strong>prmposuisti</strong></span> <span class='ocrx_word' id='word_1_883' title='bbox 3211 2684 3557 2760; x_wconf 54' lang='lat' dir='ltr'><strong>te&#39;Creatori</strong></span> <span class='ocrx_word' id='word_1_884' title='bbox 3591 2705 3665 2748; x_wconf 88' lang='lat' dir='ltr'><strong>tuo</strong></span> <span class='ocrx_word' id='word_1_885' title='bbox 3685 2734 3700 2759; x_wconf 92' lang='lat'><strong>,</strong></span> 
     </span>
    </p>
   </div>
   <div class='ocr_carea' id='block_1_113' title="bbox 2114 2755 3702 2830">
    <p class='ocr_par' dir='ltr' id='par_1_113' title="bbox 2114 2755 3702 2830">
     <span class='ocr_line' id='line_1_115' title="bbox 2114 2755 3702 2830; baseline 0.007 -23"><span class='ocrx_word' id='word_1_886' title='bbox 2114 2771 2227 2830; x_wconf 72' lang='lat' dir='ltr'><strong>quo</strong></span> <span class='ocrx_word' id='word_1_887' title='bbox 2248 2755 2375 2810; x_wconf 90' lang='lat' dir='ltr'><strong>nihil</strong></span> <span class='ocrx_word' id='word_1_888' title='bbox 2405 2756 2652 2830; x_wconf 87' lang='lat' dir='ltr'><strong>injustius</strong></span> <span class='ocrx_word' id='word_1_889' title='bbox 2670 2776 2683 2811; x_wconf 92' lang='lat'><strong>:</strong></span> <span class='ocrx_word' id='word_1_890' title='bbox 2703 2760 2753 2813; x_wconf 90' lang='lat' dir='ltr'><strong>in</strong></span> <span class='ocrx_word' id='word_1_891' title='bbox 2774 2755 3051 2830; x_wconf 86' lang='lat' dir='ltr'><strong>tolerando</strong></span> <span class='ocrx_word' id='word_1_892' title='bbox 3078 2756 3423 2830; x_wconf 85' lang='lat' dir='ltr'><strong>peccatorum</strong></span> <span class='ocrx_word' id='word_1_893' title='bbox 3450 2755 3702 2819; x_wconf 78' lang='lat' dir='ltr'><strong>tormenta</strong></span> 
     </span>
    </p>
   </div>
   <div class='ocr_carea' id='block_1_114' title="bbox 2114 2825 3701 2908">
    <p class='ocr_par' dir='ltr' id='par_1_114' title="bbox 2114 2825 3701 2908">
     <span class='ocr_line' id='line_1_116' title="bbox 2114 2825 3701 2908; baseline 0.006 -29"><span class='ocrx_word' id='word_1_894' title='bbox 2114 2825 2319 2908; x_wconf 56' lang='lat' dir='ltr'><strong>ordine</strong></span> <span class='ocrx_word' id='word_1_895' title='bbox 2346 2827 2711 2908; x_wconf 74' lang='lat' dir='ltr'><strong>pulcherrimo</strong></span> <span class='ocrx_word' id='word_1_896' title='bbox 2748 2829 2960 2908; x_wconf 66' lang='lat' dir='ltr'><strong>subiicit</strong></span> <span class='ocrx_word' id='word_1_897' title='bbox 2994 2845 3053 2885; x_wconf 86' lang='lat' dir='ltr'><strong>se</strong></span> <span class='ocrx_word' id='word_1_898' title='bbox 3078 2825 3297 2886; x_wconf 60' lang='lat' dir='ltr'><strong>&#39;factura</strong></span> <span class='ocrx_word' id='word_1_899' title='bbox 3334 2831 3551 2908; x_wconf 63' lang='lat' dir='ltr'><strong>[actori</strong></span> <span class='ocrx_word' id='word_1_900' title='bbox 3580 2849 3701 2902; x_wconf 78' lang='lat' dir='ltr'><strong>suo,</strong></span> 
     </span>
    </p>
   </div>
   <div class='ocr_carea' id='block_1_115' title="bbox 2113 2897 3704 2971">
    <p class='ocr_par' dir='ltr' id='par_1_115' title="bbox 2113 2897 3704 2971">
     <span class='ocr_line' id='line_1_117' title="bbox 2113 2897 3704 2971; baseline 0.006 -21"><span class='ocrx_word' id='word_1_901' title='bbox 2113 2897 2381 2971; x_wconf 88' lang='lat' dir='ltr'><strong>quo_nihil</strong></span> <span class='ocrx_word' id='word_1_902' title='bbox 2400 2907 2484 2971; x_wconf 83' lang='lat' dir='ltr'><strong>est</strong></span> <span class='ocrx_word' id='word_1_903' title='bbox 2498 2898 2713 2971; x_wconf 74' lang='lat' dir='ltr'><strong>iustius.</strong></span> <span class='ocrx_word' id='word_1_904' title='bbox 2741 2900 2785 2956; x_wconf 94' lang='grc' dir='ltr'><strong>Ο</strong></span> <span class='ocrx_word' id='word_1_905' title='bbox 2807 2897 2967 2956; x_wconf 88' lang='lat' dir='ltr'><strong>homo</strong></span> <span class='ocrx_word' id='word_1_906' title='bbox 2986 2942 3000 2966; x_wconf 89' lang='lat'><strong>,</strong></span> <span class='ocrx_word' id='word_1_907' title='bbox 3024 2918 3129 2971; x_wconf 91' lang='lat' dir='ltr'><strong>quo</strong></span> <span class='ocrx_word' id='word_1_908' title='bbox 3155 2904 3377 2958; x_wconf 86' lang='lat' dir='ltr'><strong>evanuit</strong></span> <span class='ocrx_word' id='word_1_909' title='bbox 3404 2897 3704 2960; x_wconf 75' lang='lat' dir='ltr'><strong>humanitas</strong></span> 
     </span>
    </p>
   </div>
   <div class='ocr_carea' id='block_1_116' title="bbox 2114 2969 3705 3046">
    <p class='ocr_par' dir='ltr' id='par_1_116' title="bbox 2114 2969 3705 3046">
     <span class='ocr_line' id='line_1_118' title="bbox 2114 2969 3705 3046; baseline 0.006 -24"><span class='ocrx_word' id='word_1_910' title='bbox 2114 2969 2242 3046; x_wconf 76' lang='lat' dir='ltr'><strong>tua?</strong></span> <span class='ocrx_word' id='word_1_911' title='bbox 2268 2984 2373 3037; x_wconf 93' lang='lat' dir='ltr'><strong>quo</strong></span> <span class='ocrx_word' id='word_1_912' title='bbox 2410 2969 2623 3025; x_wconf 88' lang='lat' dir='ltr'><strong>devenit</strong></span> <span class='ocrx_word' id='word_1_913' title='bbox 2662 2971 2796 3027; x_wconf 85' lang='lat' dir='ltr'><strong>ratio</strong></span> <span class='ocrx_word' id='word_1_914' title='bbox 2837 2971 2964 3026; x_wconf 87' lang='lat' dir='ltr'><strong>tua?</strong></span> <span class='ocrx_word' id='word_1_915' title='bbox 2990 2969 3296 3046; x_wconf 76' lang='lat' dir='ltr'><strong>Didiceras,</strong></span> <span class='ocrx_word' id='word_1_916' title='bbox 3325 2976 3598 3043; x_wconf 83' lang='lat' dir='ltr'><strong>quoniam</strong></span> <span class='ocrx_word' id='word_1_917' title='bbox 3631 2976 3705 3046; x_wconf 65' lang='lat' dir='ltr'><strong>qui</strong></span> 
     </span>
    </p>
   </div>
   <div class='ocr_carea' id='block_1_117' title="bbox 2114 3040 3705 3117">
    <p class='ocr_par' dir='ltr' id='par_1_117' title="bbox 2114 3040 3705 3117">
     <span class='ocr_line' id='line_1_119' title="bbox 2114 3040 3705 3117; baseline 0.006 -26"><span class='ocrx_word' id='word_1_918' title='bbox 2114 3040 2239 3109; x_wconf 80' lang='lat' dir='ltr'><strong>facit</strong></span> <span class='ocrx_word' id='word_1_919' title='bbox 2264 3049 2523 3117; x_wconf 63' lang='lat' dir='ltr'><strong>peccatum</strong></span> <span class='ocrx_word' id='word_1_920' title='bbox 2542 3083 2556 3106; x_wconf 94' lang='lat'><strong>,</strong></span> <span class='ocrx_word' id='word_1_921' title='bbox 2575 3057 2753 3117; x_wconf 55' lang='lat' dir='ltr'><strong>equus</strong></span> <span class='ocrx_word' id='word_1_922' title='bbox 2777 3045 3068 3117; x_wconf 76' lang='lat' dir='ltr'><strong>est__pec_cati</strong></span> <span class='ocrx_word' id='word_1_923' title='bbox 3092 3042 3289 3117; x_wconf 10' lang='grc' dir='ltr'><strong>(ᾈΙοαημ.</strong></span> <span class='ocrx_word' id='word_1_924' title='bbox 3320 3040 3421 3100; x_wconf 70' lang='lat' dir='ltr'><strong>vni</strong></span> <span class='ocrx_word' id='word_1_925' title='bbox 3442 3088 3460 3114; x_wconf 88' lang='lat'><strong>,</strong></span> <span class='ocrx_word' id='word_1_926' title='bbox 3494 3047 3604 3117; x_wconf 67' lang='grc' dir='ltr'><strong>δι)</strong></span> <span class='ocrx_word' id='word_1_927' title='bbox 3626 3040 3705 3109; x_wconf 63' lang='lat' dir='ltr'><strong>{et</strong></span> 
     </span>
    </p>
   </div>
   <div class='ocr_carea' id='block_1_118' title="bbox 2114 3110 3702 3187">
    <p class='ocr_par' dir='ltr' id='par_1_118' title="bbox 2114 3110 3702 3187">
     <span class='ocr_line' id='line_1_120' title="bbox 2114 3110 3702 3187; baseline 0.008 -24"><span class='ocrx_word' id='word_1_928' title='bbox 2114 3121 2391 3187; x_wconf 73' lang='lat' dir='ltr'><strong>peccatum</strong></span> <span class='ocrx_word' id='word_1_929' title='bbox 2419 3110 2609 3187; x_wconf 83' lang='lat' dir='ltr'><strong>fecisti.</strong></span> <span class='ocrx_word' id='word_1_930' title='bbox 2638 3111 2685 3187; x_wconf 91' lang='lat' dir='ltr'><strong>O_</strong></span> <span class='ocrx_word' id='word_1_931' title='bbox 2704 3110 3183 3187; x_wconf 83' lang='lat' dir='ltr'><strong>inauditainsania,</strong></span> <span class='ocrx_word' id='word_1_932' title='bbox 3206 3110 3454 3187; x_wconf 73' lang='lat' dir='ltr'><strong>scienter</strong></span> <span class='ocrx_word' id='word_1_933' title='bbox 3466 3110 3702 3187; x_wconf 73' lang='lat' dir='ltr'><strong>peccare!</strong></span> 
     </span>
    </p>
   </div>
   <div class='ocr_carea' id='block_1_119' title="bbox 2114 3179 3705 3260">
    <p class='ocr_par' dir='ltr' id='par_1_119' title="bbox 2114 3179 3705 3260">
     <span class='ocr_line' id='line_1_121' title="bbox 2114 3179 3705 3260; baseline 0.006 -25"><span class='ocrx_word' id='word_1_934' title='bbox 2114 3179 2336 3240; x_wconf 75' lang='lat' dir='ltr'><strong>Sciebas</strong></span> <span class='ocrx_word' id='word_1_935' title='bbox 2362 3182 2488 3260; x_wconf 73' lang='lat' dir='ltr'><strong>quia</strong></span> <span class='ocrx_word' id='word_1_936' title='bbox 2518 3197 2577 3238; x_wconf 88' lang='lat' dir='ltr'><strong>es</strong></span> <span class='ocrx_word' id='word_1_937' title='bbox 2603 3184 2819 3260; x_wconf 78' lang='lat' dir='ltr'><strong>spiritus</strong></span> <span class='ocrx_word' id='word_1_938' title='bbox 2850 3184 3049 3260; x_wconf 77' lang='lat' dir='ltr'><strong>vadens</strong></span> <span class='ocrx_word' id='word_1_939' title='bbox 3068 3195 3123 3241; x_wconf 90' lang='lat' dir='ltr'><strong>et</strong></span> <span class='ocrx_word' id='word_1_940' title='bbox 3151 3201 3256 3260; x_wconf 90' lang='lat' dir='ltr'><strong>non</strong></span> <span class='ocrx_word' id='word_1_941' title='bbox 3284 3179 3508 3260; x_wconf 75' lang='lat' dir='ltr'><strong>redieris</strong></span> <span class='ocrx_word' id='word_1_942' title='bbox 3540 3187 3705 3260; x_wconf 71' lang='grc' dir='ltr'><strong>(Ρωι.</strong></span> 
     </span>
    </p>
   </div>
   <div class='ocr_carea' id='block_1_120' title="bbox 2115 3254 3708 3333">
    <p class='ocr_par' dir='ltr' id='par_1_120' title="bbox 2115 3254 3708 3333">
     <span class='ocr_line' id='line_1_122' title="bbox 2115 3254 3708 3333; baseline 0.007 -29"><span class='ocrx_word' id='word_1_943' title='bbox 2115 3267 2297 3333; x_wconf 61' lang='lat' dir='ltr'><strong>nxxvu</strong></span> <span class='ocrx_word' id='word_1_944' title='bbox 2322 3295 2337 3318; x_wconf 93' lang='lat'><strong>,</strong></span> <span class='ocrx_word' id='word_1_945' title='bbox 2361 3254 2454 3333; x_wconf 50' lang='lat' dir='ltr'><strong>b9)</strong></span> <span class='ocrx_word' id='word_1_946' title='bbox 2479 3269 2493 3318; x_wconf 93' lang='lat'><strong>;</strong></span> <span class='ocrx_word' id='word_1_947' title='bbox 2517 3255 2885 3333; x_wconf 80' lang='lat' dir='ltr'><strong>et_in_peccati</strong></span> <span class='ocrx_word' id='word_1_948' title='bbox 2918 3255 3171 3328; x_wconf 82' lang='lat' dir='ltr'><strong>abyssum</strong></span> <span class='ocrx_word' id='word_1_949' title='bbox 3211 3254 3611 3315; x_wconf 77' lang='lat' dir='ltr'><strong>irremeabilem</strong></span> <span class='ocrx_word' id='word_1_950' title='bbox 3653 3269 3708 3315; x_wconf 87' lang='lat' dir='ltr'><strong>et</strong></span> 
     </span>
    </p>
   </div>
   <div class='ocr_carea' id='block_1_121' title="bbox 2114 3322 2768 3394">
    <p class='ocr_par' dir='ltr' id='par_1_121' title="bbox 2114 3322 2768 3394">
     <span class='ocr_line' id='line_1_123' title="bbox 2114 3322 2768 3394; baseline 0.008 -18"><span class='ocrx_word' id='word_1_951' title='bbox 2114 3323 2229 3394; x_wconf 85' lang='lat' dir='ltr'><strong>sine</strong></span> <span class='ocrx_word' id='word_1_952' title='bbox 2258 3322 2497 3378; x_wconf 36' lang='lat' dir='ltr'><strong>fundo&#39;te</strong></span> <span class='ocrx_word' id='word_1_953' title='bbox 2526 3322 2768 3394; x_wconf 79' lang='lat' dir='ltr'><strong>injecisti.</strong></span> 
     </span>
    </p>
   </div>
   <div class='ocr_carea' id='block_1_122' title="bbox 2183 3392 3710 3472">
    <p class='ocr_par' dir='ltr' id='par_1_122' title="bbox 2183 3392 3710 3472">
     <span class='ocr_line' id='line_1_124' title="bbox 2183 3392 3710 3472; baseline 0.006 -25"><span class='ocrx_word' id='word_1_954' title='bbox 2183 3392 2409 3449; x_wconf 82' lang='lat' dir='ltr'><strong>CAPUT</strong></span> <span class='ocrx_word' id='word_1_955' title='bbox 2468 3392 2703 3452; x_wconf 56' lang='lat' dir='ltr'><strong>1x503</strong></span> <span class='ocrx_word' id='word_1_956' title='bbox 2752 3398 2950 3472; x_wconf 59' lang='lat' dir='ltr'><strong>abysso</strong></span> <span class='ocrx_word' id='word_1_957' title='bbox 3014 3398 3398 3472; x_wconf 20' lang='lat' dir='ltr'><strong>tripliciaYet-e</strong></span> <span class='ocrx_word' id='word_1_958' title='bbox 3469 3399 3710 3472; x_wconf 68' lang='lat' dir='ltr'><strong>abyssus</strong></span> 
     </span>
    </p>
   </div>
   <div class='ocr_carea' id='block_1_123' title="bbox 2113 3468 3708 3540">
    <p class='ocr_par' dir='ltr' id='par_1_123' title="bbox 2113 3468 3708 3540">
     <span class='ocr_line' id='line_1_125' title="bbox 2113 3468 3708 3540; baseline 0.006 -22"><span class='ocrx_word' id='word_1_959' title='bbox 2113 3474 2329 3540; x_wconf 82' lang='lat' dir='ltr'><strong>peccata</strong></span> <span class='ocrx_word' id='word_1_960' title='bbox 2357 3481 2477 3540; x_wconf 82' lang='lat' dir='ltr'><strong>mea</strong></span> <span class='ocrx_word' id='word_1_961' title='bbox 2504 3475 2647 3540; x_wconf 89' lang='lat' dir='ltr'><strong>sunt;</strong></span> <span class='ocrx_word' id='word_1_962' title='bbox 2675 3468 2796 3538; x_wconf 89' lang='lat' dir='ltr'><strong>quia</strong></span> <span class='ocrx_word' id='word_1_963' title='bbox 2825 3468 3382 3539; x_wconf 85' lang='lat' dir='ltr'><strong>incomprehensibilia</strong></span> <span class='ocrx_word' id='word_1_964' title='bbox 3407 3468 3708 3540; x_wconf 64' lang='lat' dir='ltr'><strong>sunt&#39;pon-</strong></span> 
     </span>
    </p>
   </div>
   <div class='ocr_carea' id='block_1_124' title="bbox 2113 3535 3708 3605">
    <p class='ocr_par' dir='ltr' id='par_1_124' title="bbox 2113 3535 3708 3605">
     <span class='ocr_line' id='line_1_126' title="bbox 2113 3535 3708 3605; baseline 0.006 -16"><span class='ocrx_word' id='word_1_965' title='bbox 2113 3535 2241 3590; x_wconf 91' lang='lat' dir='ltr'><strong>dere</strong></span> <span class='ocrx_word' id='word_1_966' title='bbox 2268 3543 2325 3590; x_wconf 88' lang='lat' dir='ltr'><strong>et</strong></span> <span class='ocrx_word' id='word_1_967' title='bbox 2350 3535 2727 3605; x_wconf 79' lang='lat' dir='ltr'><strong>profunditate,</strong></span> <span class='ocrx_word' id='word_1_968' title='bbox 2753 3549 2809 3594; x_wconf 88' lang='lat' dir='ltr'><strong>et</strong></span> <span class='ocrx_word' id='word_1_969' title='bbox 2827 3535 3214 3596; x_wconf 65' lang='lat' dir='ltr'><strong>inmstiinabilia</strong></span> <span class='ocrx_word' id='word_1_970' title='bbox 3239 3551 3365 3597; x_wconf 88' lang='lat' dir='ltr'><strong>sunt</strong></span> <span class='ocrx_word' id='word_1_971' title='bbox 3393 3535 3631 3598; x_wconf 78' lang='lat' dir='ltr'><strong>numero</strong></span> <span class='ocrx_word' id='word_1_972' title='bbox 3654 3553 3708 3597; x_wconf 86' lang='lat' dir='ltr'><strong>et</strong></span> 
     </span>
    </p>
   </div>
   <div class='ocr_carea' id='block_1_125' title="bbox 2114 3607 3707 3684">
    <p class='ocr_par' dir='ltr' id='par_1_125' title="bbox 2114 3607 3707 3684">
     <span class='ocr_line' id='line_1_127' title="bbox 2114 3607 3707 3684; baseline 0.005 -24"><span class='ocrx_word' id='word_1_973' title='bbox 2114 3607 2490 3664; x_wconf 86' lang='lat' dir='ltr'><strong>immensitate.</strong></span> <span class='ocrx_word' id='word_1_974' title='bbox 2519 3611 2563 3664; x_wconf 88' lang='lat'><strong>0</strong></span> <span class='ocrx_word' id='word_1_975' title='bbox 2588 3610 2812 3680; x_wconf 86' lang='lat' dir='ltr'><strong>abyssus</strong></span> <span class='ocrx_word' id='word_1_976' title='bbox 2839 3608 3091 3682; x_wconf 81' lang='lat' dir='ltr'><strong>abyssum</strong></span> <span class='ocrx_word' id='word_1_977' title='bbox 3138 3613 3385 3668; x_wconf 87' lang='lat' dir='ltr'><strong>invocat!</strong></span> <span class='ocrx_word' id='word_1_978' title='bbox 3412 3611 3460 3669; x_wconf 85' lang='lat'><strong>0</strong></span> <span class='ocrx_word' id='word_1_979' title='bbox 3488 3623 3707 3684; x_wconf 77' lang='lat' dir='ltr'><strong>peccata</strong></span> 
     </span>
    </p>
   </div>
   <div class='ocr_carea' id='block_1_126' title="bbox 2113 3683 3707 3757">
    <p class='ocr_par' dir='ltr' id='par_1_126' title="bbox 2113 3683 3707 3757">
     <span class='ocr_line' id='line_1_128' title="bbox 2113 3683 3707 3757; baseline 0.004 -25"><span class='ocrx_word' id='word_1_980' title='bbox 2113 3692 2266 3743; x_wconf 89' lang='lat' dir='ltr'><strong>mea,</strong></span> <span class='ocrx_word' id='word_1_981' title='bbox 2298 3687 2573 3757; x_wconf 71' lang='lat' dir='ltr'><strong>tormenta</strong></span> <span class='ocrx_word' id='word_1_982' title='bbox 2595 3696 2807 3750; x_wconf 89' lang='lat' dir='ltr'><strong>quoque</strong></span> <span class='ocrx_word' id='word_1_983' title='bbox 2852 3683 3046 3757; x_wconf 82' lang='lat' dir='ltr'><strong>quibus</strong></span> <span class='ocrx_word' id='word_1_984' title='bbox 3087 3699 3173 3738; x_wconf 91' lang='lat' dir='ltr'><strong>me</strong></span> <span class='ocrx_word' id='word_1_985' title='bbox 3213 3683 3707 3757; x_wconf 68' lang='lat' dir='ltr'><strong>servatisabyssus</strong></span> 
     </span>
    </p>
   </div>
   <div class='ocr_carea' id='block_1_127' title="bbox 2112 3750 3705 3824">
    <p class='ocr_par' dir='ltr' id='par_1_127' title="bbox 2112 3750 3705 3824">
     <span class='ocr_line' id='line_1_129' title="bbox 2112 3750 3705 3824; baseline 0.004 -21"><span class='ocrx_word' id='word_1_986' title='bbox 2112 3758 2259 3824; x_wconf 84' lang='lat' dir='ltr'><strong>s_uut,</strong></span> <span class='ocrx_word' id='word_1_987' title='bbox 2283 3750 2406 3818; x_wconf 88' lang='lat' dir='ltr'><strong>quia</strong></span> <span class='ocrx_word' id='word_1_988' title='bbox 2426 3751 2632 3824; x_wconf 79' lang='lat' dir='ltr'><strong>inﬁnita</strong></span> <span class='ocrx_word' id='word_1_989' title='bbox 2655 3760 2709 3806; x_wconf 90' lang='lat' dir='ltr'><strong>et</strong></span> <span class='ocrx_word' id='word_1_990' title='bbox 2729 3754 2949 3808; x_wconf 84' lang='lat' dir='ltr'><strong>omnino</strong></span> <span class='ocrx_word' id='word_1_991' title='bbox 2969 3752 3545 3824; x_wconf 77' lang='lat' dir='ltr'><strong>incomprehensibilia</strong></span> <span class='ocrx_word' id='word_1_992' title='bbox 3558 3750 3705 3812; x_wconf 59' lang='lat' dir='ltr'><strong>&#39;sunt.</strong></span> 
     </span>
    </p>
   </div>
   <div class='ocr_carea' id='block_1_128' title="bbox 2117 3820 3705 3895">
    <p class='ocr_par' dir='ltr' id='par_1_128' title="bbox 2117 3820 3705 3895">
     <span class='ocr_line' id='line_1_130' title="bbox 2117 3820 3705 3895; baseline 0.006 -23"><span class='ocrx_word' id='word_1_993' title='bbox 2117 3821 2207 3895; x_wconf 64' lang='lat' dir='ltr'><strong>[Est</strong></span> <span class='ocrx_word' id='word_1_994' title='bbox 2233 3830 2287 3895; x_wconf 79' lang='lat' dir='ltr'><strong>et</strong></span> <span class='ocrx_word' id='word_1_995' title='bbox 2319 3820 2471 3876; x_wconf 87' lang='lat' dir='ltr'><strong>tertia</strong></span> <span class='ocrx_word' id='word_1_996' title='bbox 2496 3822 2755 3895; x_wconf 67' lang='lat' dir='ltr'><strong>abyssus,</strong></span> <span class='ocrx_word' id='word_1_997' title='bbox 2782 3832 2838 3878; x_wconf 85' lang='lat' dir='ltr'><strong>et</strong></span> <span class='ocrx_word' id='word_1_998' title='bbox 2862 3833 2946 3879; x_wconf 88' lang='lat' dir='ltr'><strong>est</strong></span> <span class='ocrx_word' id='word_1_999' title='bbox 2983 3820 3165 3880; x_wconf 53' lang='lat' dir='ltr'><strong>nimis&#39;</strong></span> <span class='ocrx_word' id='word_1_1000' title='bbox 3188 3826 3476 3892; x_wconf 84' lang='lat' dir='ltr'><strong>terribilis,</strong></span> <span class='ocrx_word' id='word_1_1001' title='bbox 3509 3827 3705 3895; x_wconf 78' lang='lat' dir='ltr'><strong>judicia</strong></span> 
     </span>
    </p>
   </div>
   <div class='ocr_carea' id='block_1_129' title="bbox 2116 3890 3707 3999">
    <p class='ocr_par' dir='ltr' id='par_1_129' title="bbox 2116 3890 3707 3999">
     <span class='ocr_line' id='line_1_131' title="bbox 2116 3890 3707 3999; baseline 0.001 0"><span class='ocrx_word' id='word_1_1002' title='bbox 2116 3890 3085 3999; x_wconf 52' lang='lat' dir='ltr'><strong>2?..i12tiitiritmstﬁxe-Vm&quot;;</strong></span> <span class='ocrx_word' id='word_1_1003' title='bbox 3114 3896 3146 3951; x_wconf 87' lang='grc'>⁷</span> <span class='ocrx_word' id='word_1_1004' title='bbox 3180 3896 3230 3967; x_wconf 74' lang='lat'><strong>&gt;=</strong></span> <span class='ocrx_word' id='word_1_1005' title='bbox 3257 3897 3390 3999; x_wconf 56' lang='lat' dir='ltr'><strong>re.</strong></span> <span class='ocrx_word' id='word_1_1006' title='bbox 3410 3890 3584 3999; x_wconf 67' lang='grc' dir='ltr'><strong>διίιίοξ</strong></span> <span class='ocrx_word' id='word_1_1007' title='bbox 3610 3896 3707 3953; x_wconf 65' lang='grc' dir='ltr'><strong>’ω’</strong></span> 
     </span>
    </p>
   </div>
   <div class='ocr_carea' id='block_1_130' title="bbox 2114 3966 3709 4038">
    <p class='ocr_par' dir='ltr' id='par_1_130' title="bbox 2114 3966 3709 4038">
     <span class='ocr_line' id='line_1_132' title="bbox 2114 3966 3709 4038; baseline 0.005 -23"><span class='ocrx_word' id='word_1_1008' title='bbox 2114 3977 2329 4038; x_wconf 82' lang='lat' dir='ltr'><strong>manum</strong></span> <span class='ocrx_word' id='word_1_1009' title='bbox 2356 3978 2571 4038; x_wconf 80' lang='lat' dir='ltr'><strong>sensum</strong></span> <span class='ocrx_word' id='word_1_1010' title='bbox 2605 3966 2831 4038; x_wconf 80' lang='lat' dir='ltr'><strong>occulta.</strong></span> <span class='ocrx_word' id='word_1_1011' title='bbox 2860 3966 2954 4038; x_wconf 66' lang='lat' dir='ltr'><strong>Yaz</strong></span> <span class='ocrx_word' id='word_1_1012' title='bbox 2984 3982 3145 4038; x_wconf 90' lang='lat' dir='ltr'><strong>super</strong></span> <span class='ocrx_word' id='word_1_1013' title='bbox 3169 3966 3249 4022; x_wconf 57' lang='lat' dir='ltr'><strong>va;</strong></span> <span class='ocrx_word' id='word_1_1014' title='bbox 3276 3966 3320 4033; x_wconf 84' lang='grc'><strong>⁸,</strong></span> <span class='ocrx_word' id='word_1_1015' title='bbox 3352 3966 3525 4023; x_wconf 81' lang='lat' dir='ltr'><strong>timor</strong></span> <span class='ocrx_word' id='word_1_1016' title='bbox 3552 3982 3709 4037; x_wconf 70' lang='lat' dir='ltr'><strong>super</strong></span> 
     </span>
    </p>
   </div>
   <div class='ocr_carea' id='block_1_131' title="bbox 2117 4034 3705 4110">
    <p class='ocr_par' dir='ltr' id='par_1_131' title="bbox 2117 4034 3705 4110">
     <span class='ocr_line' id='line_1_133' title="bbox 2117 4034 3705 4110; baseline 0.002 -23"><span class='ocrx_word' id='word_1_1017' title='bbox 2117 4034 2357 4089; x_wconf 86' lang='lat' dir='ltr'><strong>timorem</strong></span> <span class='ocrx_word' id='word_1_1018' title='bbox 2377 4075 2392 4100; x_wconf 95' lang='lat'><strong>,</strong></span> <span class='ocrx_word' id='word_1_1019' title='bbox 2414 4034 2569 4090; x_wconf 88' lang='lat' dir='ltr'><strong>dolor</strong></span> <span class='ocrx_word' id='word_1_1020' title='bbox 2601 4050 2762 4110; x_wconf 61' lang='lat' dir='ltr'><strong>super</strong></span> <span class='ocrx_word' id='word_1_1021' title='bbox 2785 4034 3320 4110; x_wconf 55' lang='lat' dir='ltr'><strong>doloremIAbyssns</strong></span> <span class='ocrx_word' id='word_1_1022' title='bbox 3351 4034 3636 4110; x_wconf 75' lang='lat' dir='ltr'><strong>abyssum</strong></span> <span class='ocrx_word' id='word_1_1023' title='bbox 3658 4040 3705 4091; x_wconf 90' lang='lat' dir='ltr'><strong>in</strong></span> 
     </span>
    </p>
   </div>
   <div class='ocr_carea' id='block_1_132' title="bbox 2113 4107 3709 4181">
    <p class='ocr_par' dir='ltr' id='par_1_132' title="bbox 2113 4107 3709 4181">
     <span class='ocr_line' id='line_1_134' title="bbox 2113 4107 3709 4181; baseline 0.006 -24"><span class='ocrx_word' id='word_1_1024' title='bbox 2113 4119 2245 4159; x_wconf 89' lang='lat' dir='ltr'><strong>voce</strong></span> <span class='ocrx_word' id='word_1_1025' title='bbox 2281 4113 2671 4181; x_wconf 62' lang='lat' dir='ltr'><strong>contractarum</strong></span> <span class='ocrx_word' id='word_1_1026' title='bbox 2721 4108 2812 4163; x_wconf 92' lang='lat' dir='ltr'><strong>Dei</strong></span> <span class='ocrx_word' id='word_1_1027' title='bbox 2859 4108 3071 4163; x_wconf 86' lang='lat' dir='ltr'><strong>invocat</strong></span> <span class='ocrx_word' id='word_1_1028' title='bbox 3102 4107 3271 4179; x_wconf 77' lang='lat' dir='ltr'><strong>(Psal.</strong></span> <span class='ocrx_word' id='word_1_1029' title='bbox 3306 4107 3437 4175; x_wconf 73' lang='lat' dir='ltr'><strong>xu,</strong></span> <span class='ocrx_word' id='word_1_1030' title='bbox 3465 4109 3557 4181; x_wconf 87' lang='lat'><strong>8);</strong></span> <span class='ocrx_word' id='word_1_1031' title='bbox 3588 4110 3709 4181; x_wconf 71' lang='lat' dir='ltr'><strong>quia</strong></span> 
     </span>
    </p>
   </div>
   <div class='ocr_carea' id='block_1_133' title="bbox 2114 4176 3708 4260">
    <p class='ocr_par' dir='ltr' id='par_1_133' title="bbox 2114 4176 3708 4260">
     <span class='ocr_line' id='line_1_135' title="bbox 2114 4176 3708 4260; baseline 0.003 -31"><span class='ocrx_word' id='word_1_1032' title='bbox 2114 4176 2314 4260; x_wconf 73' lang='lat' dir='ltr'><strong>peccati</strong></span> <span class='ocrx_word' id='word_1_1033' title='bbox 2337 4176 2563 4260; x_wconf 62' lang='lat' dir='ltr'><strong>abyssus</strong></span> <span class='ocrx_word' id='word_1_1034' title='bbox 2585 4178 2838 4260; x_wconf 77' lang='lat' dir='ltr'><strong>abyssum</strong></span> <span class='ocrx_word' id='word_1_1035' title='bbox 2860 4176 3246 4260; x_wconf 57' lang='lat' dir='ltr'><strong>tormentoyum</strong></span> <span class='ocrx_word' id='word_1_1036' title='bbox 3268 4176 3544 4260; x_wconf 51' lang='lat' dir='ltr'><strong>meretuf,</strong></span> <span class='ocrx_word' id='word_1_1037' title='bbox 3565 4176 3708 4260; x_wconf 78' lang='lat' dir='ltr'><strong>quod</strong></span> 
     </span>
    </p>
   </div>
   <div class='ocr_carea' id='block_1_134' title="bbox 2108 4247 3706 4320">
    <p class='ocr_par' dir='ltr' id='par_1_134' title="bbox 2108 4247 3706 4320">
     <span class='ocr_line' id='line_1_136' title="bbox 2108 4247 3706 4320; baseline 0.004 -21"><span class='ocrx_word' id='word_1_1038' title='bbox 2108 4247 2307 4317; x_wconf 88' lang='lat' dir='ltr'><strong>judicia</strong></span> <span class='ocrx_word' id='word_1_1039' title='bbox 2337 4247 2429 4320; x_wconf 78' lang='lat' dir='ltr'><strong>Dei</strong></span> <span class='ocrx_word' id='word_1_1040' title='bbox 2461 4247 2822 4317; x_wconf 78' lang='lat' dir='ltr'><strong>pronuntiant.</strong></span> <span class='ocrx_word' id='word_1_1041' title='bbox 2860 4250 3097 4320; x_wconf 83' lang='lat' dir='ltr'><strong>Abyssus</strong></span> <span class='ocrx_word' id='word_1_1042' title='bbox 3115 4251 3444 4320; x_wconf 73' lang='lat' dir='ltr'><strong>iudiciorum</strong></span> <span class='ocrx_word' id='word_1_1043' title='bbox 3480 4247 3706 4307; x_wconf 62' lang='lat' dir='ltr'><strong>Dei&#39;suo</strong></span> 
     </span>
    </p>
   </div>
   <div class='ocr_carea' id='block_1_135' title="bbox 2116 4318 3708 4394">
    <p class='ocr_par' dir='ltr' id='par_1_135' title="bbox 2116 4318 3708 4394">
     <span class='ocr_line' id='line_1_137' title="bbox 2116 4318 3708 4394; baseline 0.003 -23"><span class='ocrx_word' id='word_1_1044' title='bbox 2116 4333 2211 4387; x_wconf 92' lang='lat' dir='ltr'><strong>per</strong></span> <span class='ocrx_word' id='word_1_1045' title='bbox 2232 4332 2342 4384; x_wconf 86' lang='lat' dir='ltr'><strong>me,</strong></span> <span class='ocrx_word' id='word_1_1046' title='bbox 2369 4318 2596 4394; x_wconf 74' lang='lat' dir='ltr'><strong>abyssus</strong></span> <span class='ocrx_word' id='word_1_1047' title='bbox 2622 4320 2814 4394; x_wconf 75' lang='lat' dir='ltr'><strong>inferni</strong></span> <span class='ocrx_word' id='word_1_1048' title='bbox 2839 4318 3027 4376; x_wconf 81' lang='lat' dir='ltr'><strong>subtus</strong></span> <span class='ocrx_word' id='word_1_1049' title='bbox 3048 4318 3137 4377; x_wconf 80' lang='lat' dir='ltr'><strong>me</strong></span> <span class='ocrx_word' id='word_1_1050' title='bbox 3154 4365 3169 4389; x_wconf 91' lang='lat'><strong>,</strong></span> <span class='ocrx_word' id='word_1_1051' title='bbox 3199 4322 3429 4394; x_wconf 79' lang='lat' dir='ltr'><strong>abyssus</strong></span> <span class='ocrx_word' id='word_1_1052' title='bbox 3452 4332 3708 4391; x_wconf 80' lang='lat' dir='ltr'><strong>peccato-</strong></span> 
     </span>
    </p>
   </div>
   <div class='ocr_carea' id='block_1_136' title="bbox 2114 4389 3705 4463">
    <p class='ocr_par' dir='ltr' id='par_1_136' title="bbox 2114 4389 3705 4463">
     <span class='ocr_line' id='line_1_138' title="bbox 2114 4389 3705 4463; baseline 0.001 -21"><span class='ocrx_word' id='word_1_1053' title='bbox 2114 4404 2241 4463; x_wconf 85' lang='lat' dir='ltr'><strong>rum</strong></span> <span class='ocrx_word' id='word_1_1054' title='bbox 2260 4398 2342 4442; x_wconf 90' lang='lat' dir='ltr'><strong>est</strong></span> <span class='ocrx_word' id='word_1_1055' title='bbox 2368 4389 2506 4445; x_wconf 88' lang='lat' dir='ltr'><strong>intra</strong></span> <span class='ocrx_word' id='word_1_1056' title='bbox 2531 4405 2637 4447; x_wconf 89' lang='lat' dir='ltr'><strong>me.</strong></span> <span class='ocrx_word' id='word_1_1057' title='bbox 2663 4391 2813 4446; x_wconf 88' lang='lat' dir='ltr'><strong>Illam</strong></span> <span class='ocrx_word' id='word_1_1058' title='bbox 2833 4407 2954 4463; x_wconf 80' lang='lat' dir='ltr'><strong>quae</strong></span> <span class='ocrx_word' id='word_1_1059' title='bbox 2972 4389 3338 4463; x_wconf 73' lang='lat' dir='ltr'><strong>supereminet</strong></span> <span class='ocrx_word' id='word_1_1060' title='bbox 3364 4389 3537 4449; x_wconf 80' lang='lat' dir='ltr'><strong>timeo</strong></span> <span class='ocrx_word' id='word_1_1061' title='bbox 3563 4410 3633 4448; x_wconf 89' lang='lat' dir='ltr'><strong>ne</strong></span> <span class='ocrx_word' id='word_1_1062' title='bbox 3656 4395 3705 4445; x_wconf 86' lang='lat' dir='ltr'><strong>in</strong></span> 
     </span>
    </p>
   </div>
   <div class='ocr_carea' id='block_1_137' title="bbox 2114 4460 3706 4534">
    <p class='ocr_par' dir='ltr' id='par_1_137' title="bbox 2114 4460 3706 4534">
     <span class='ocr_line' id='line_1_139' title="bbox 2114 4460 3706 4534; baseline 0.003 -21"><span class='ocrx_word' id='word_1_1063' title='bbox 2114 4475 2202 4514; x_wconf 89' lang='lat' dir='ltr'><strong>me</strong></span> <span class='ocrx_word' id='word_1_1064' title='bbox 2231 4460 2428 4523; x_wconf 88' lang='lat' dir='ltr'><strong>irruat,</strong></span> <span class='ocrx_word' id='word_1_1065' title='bbox 2460 4470 2514 4516; x_wconf 91' lang='lat' dir='ltr'><strong>et</strong></span> <span class='ocrx_word' id='word_1_1066' title='bbox 2540 4477 2627 4518; x_wconf 90' lang='lat' dir='ltr'><strong>me</strong></span> <span class='ocrx_word' id='word_1_1067' title='bbox 2654 4477 2775 4517; x_wconf 91' lang='lat' dir='ltr'><strong>cum</strong></span> <span class='ocrx_word' id='word_1_1068' title='bbox 2800 4460 2994 4534; x_wconf 84' lang='lat' dir='ltr'><strong>abysso</strong></span> <span class='ocrx_word' id='word_1_1069' title='bbox 3021 4460 3137 4519; x_wconf 85' lang='lat' dir='ltr'><strong>mea</strong></span> <span class='ocrx_word' id='word_1_1070' title='bbox 3170 4463 3225 4518; x_wconf 89' lang='lat' dir='ltr'><strong>in</strong></span> <span class='ocrx_word' id='word_1_1071' title='bbox 3254 4464 3397 4518; x_wconf 89' lang='lat' dir='ltr'><strong>illam</strong></span> <span class='ocrx_word' id='word_1_1072' title='bbox 3424 4480 3554 4534; x_wconf 70' lang='lat' dir='ltr'><strong>qua:</strong></span> <span class='ocrx_word' id='word_1_1073' title='bbox 3580 4464 3706 4518; x_wconf 85' lang='lat' dir='ltr'><strong>sub-</strong></span> 
     </span>
    </p>
   </div>
   <div class='ocr_carea' id='block_1_138' title="bbox 2117 4533 3703 4606">
    <p class='ocr_par' dir='ltr' id='par_1_138' title="bbox 2117 4533 3703 4606">
     <span class='ocr_line' id='line_1_140' title="bbox 2117 4533 3703 4606; baseline 0 -20"><span class='ocrx_word' id='word_1_1074' title='bbox 2117 4540 2202 4606; x_wconf 77' lang='lat' dir='ltr'><strong>tus</strong></span> <span class='ocrx_word' id='word_1_1075' title='bbox 2230 4545 2313 4606; x_wconf 89' lang='lat' dir='ltr'><strong>me</strong></span> <span class='ocrx_word' id='word_1_1076' title='bbox 2342 4540 2514 4606; x_wconf 72' lang='lat' dir='ltr'><strong>patet,</strong></span> <span class='ocrx_word' id='word_1_1077' title='bbox 2534 4533 2723 4588; x_wconf 88' lang='lat' dir='ltr'><strong>obruat</strong></span> <span class='ocrx_word' id='word_1_1078' title='bbox 2746 4551 2760 4589; x_wconf 87' lang='lat'>:</span> <span class='ocrx_word' id='word_1_1079' title='bbox 2780 4533 2869 4587; x_wconf 90' lang='lat' dir='ltr'><strong>ubi</strong></span> <span class='ocrx_word' id='word_1_1080' title='bbox 2895 4542 3153 4589; x_wconf 89' lang='lat' dir='ltr'><strong>tormenta</strong></span> <span class='ocrx_word' id='word_1_1081' title='bbox 3183 4546 3402 4604; x_wconf 85' lang='lat' dir='ltr'><strong>peccata</strong></span> <span class='ocrx_word' id='word_1_1082' title='bbox 3426 4533 3703 4606; x_wconf 82' lang='lat' dir='ltr'><strong>nunquam</strong></span> 
     </span>
    </p>
   </div>
   <div class='ocr_carea' id='block_1_139' title="bbox 2116 4601 3698 4673">
    <p class='ocr_par' dir='ltr' id='par_1_139' title="bbox 2116 4601 3698 4673">
     <span class='ocr_line' id='line_1_141' title="bbox 2116 4601 3698 4673; baseline -0.001 -16"><span class='ocrx_word' id='word_1_1083' title='bbox 2116 4601 2366 4657; x_wconf 89' lang='lat' dir='ltr'><strong>delehunt</strong></span> <span class='ocrx_word' id='word_1_1084' title='bbox 2384 4644 2399 4667; x_wconf 93' lang='lat'><strong>,</strong></span> <span class='ocrx_word' id='word_1_1085' title='bbox 2424 4604 2761 4672; x_wconf 86' lang='lat' dir='ltr'><strong>sed.peeeata</strong></span> <span class='ocrx_word' id='word_1_1086' title='bbox 2791 4619 2952 4673; x_wconf 89' lang='lat' dir='ltr'><strong>super</strong></span> <span class='ocrx_word' id='word_1_1087' title='bbox 2978 4620 3065 4660; x_wconf 88' lang='lat' dir='ltr'><strong>me</strong></span> <span class='ocrx_word' id='word_1_1088' title='bbox 3105 4601 3372 4661; x_wconf 82' lang='lat' dir='ltr'><strong>tormenta</strong></span> <span class='ocrx_word' id='word_1_1089' title='bbox 3415 4601 3698 4661; x_wconf 74' lang='lat' dir='ltr'><strong>tenebunt.</strong></span> 
     </span>
    </p>
   </div>
   <div class='ocr_carea' id='block_1_140' title="bbox 2115 4673 3708 4745">
    <p class='ocr_par' dir='ltr' id='par_1_140' title="bbox 2115 4673 3708 4745">
     <span class='ocr_line' id='line_1_142' title="bbox 2115 4673 3708 4745; baseline 0.002 -18"><span class='ocrx_word' id='word_1_1090' title='bbox 2115 4673 2273 4745; x_wconf 74' lang='lat' dir='ltr'><strong>Miser</strong></span> <span class='ocrx_word' id='word_1_1091' title='bbox 2303 4674 2433 4745; x_wconf 74' lang='lat' dir='ltr'><strong>,_cui</strong></span> <span class='ocrx_word' id='word_1_1092' title='bbox 2474 4675 2725 4743; x_wconf 81' lang='lat' dir='ltr'><strong>peccavi;</strong></span> <span class='ocrx_word' id='word_1_1093' title='bbox 2753 4691 2861 4745; x_wconf 90' lang='lat' dir='ltr'><strong>quo</strong></span> <span class='ocrx_word' id='word_1_1094' title='bbox 2899 4676 2969 4731; x_wconf 91' lang='lat' dir='ltr'><strong>ivi</strong></span> <span class='ocrx_word' id='word_1_1095' title='bbox 3009 4691 3039 4730; x_wconf 86' lang='lat' dir='ltr'><strong>a</strong></span> <span class='ocrx_word' id='word_1_1096' title='bbox 3076 4675 3277 4745; x_wconf 90' lang='lat' dir='ltr'><strong>Spiritu</strong></span> <span class='ocrx_word' id='word_1_1097' title='bbox 3325 4687 3419 4733; x_wconf 94' lang='lat' dir='ltr'><strong>tuo</strong></span> <span class='ocrx_word' id='word_1_1098' title='bbox 3445 4720 3459 4741; x_wconf 88' lang='lat'><strong>,</strong></span> <span class='ocrx_word' id='word_1_1099' title='bbox 3484 4686 3549 4731; x_wconf 84' lang='lat' dir='ltr'><strong>et</strong></span> <span class='ocrx_word' id='word_1_1100' title='bbox 3601 4689 3708 4745; x_wconf 85' lang='lat' dir='ltr'><strong>quo</strong></span> 
     </span>
    </p>
   </div>
   <div class='ocr_carea' id='block_1_141' title="bbox 2114 4743 3702 4818">
    <p class='ocr_par' dir='ltr' id='par_1_141' title="bbox 2114 4743 3702 4818">
     <span class='ocr_line' id='line_1_143' title="bbox 2114 4743 3702 4818; baseline 0.002 -21"><span class='ocrx_word' id='word_1_1101' title='bbox 2114 4744 2219 4818; x_wconf 76' lang='lat' dir='ltr'><strong>fugi</strong></span> <span class='ocrx_word' id='word_1_1102' title='bbox 2249 4759 2277 4795; x_wconf 87' lang='lat' dir='ltr'><strong>a</strong></span> <span class='ocrx_word' id='word_1_1103' title='bbox 2301 4743 2450 4818; x_wconf 77' lang='lat' dir='ltr'><strong>facie</strong></span> <span class='ocrx_word' id='word_1_1104' title='bbox 2494 4746 2623 4800; x_wconf 80' lang='lat' dir='ltr'><strong>tua?</strong></span> <span class='ocrx_word' id='word_1_1105' title='bbox 2651 4743 2906 4818; x_wconf 15' lang='lat' dir='ltr'><strong>ACerl&#39;eret</strong></span> <span class='ocrx_word' id='word_1_1106' title='bbox 2951 4747 2995 4800; x_wconf 89' lang='lat' dir='ltr'><strong>si</strong></span> <span class='ocrx_word' id='word_1_1107' title='bbox 3038 4743 3138 4817; x_wconf 84' lang='lat' dir='ltr'><strong>ego</strong></span> <span class='ocrx_word' id='word_1_1108' title='bbox 3183 4749 3433 4818; x_wconf 84' lang='lat' dir='ltr'><strong>nequiter</strong></span> <span class='ocrx_word' id='word_1_1109' title='bbox 3468 4746 3586 4817; x_wconf 80' lang='lat' dir='ltr'><strong>fugi</strong></span> <span class='ocrx_word' id='word_1_1110' title='bbox 3617 4743 3702 4807; x_wconf 81' lang='lat' dir='ltr'><strong>te,</strong></span> 
     </span>
    </p>
   </div>
   <div class='ocr_carea' id='block_1_142' title="bbox 2114 4815 3701 4888">
    <p class='ocr_par' dir='ltr' id='par_1_142' title="bbox 2114 4815 3701 4888">
     <span class='ocr_line' id='line_1_144' title="bbox 2114 4815 3701 4888; baseline -0.001 -17"><span class='ocrx_word' id='word_1_1111' title='bbox 2114 4826 2168 4871; x_wconf 89' lang='lat' dir='ltr'><strong>et</strong></span> <span class='ocrx_word' id='word_1_1112' title='bbox 2188 4817 2239 4888; x_wconf 87' lang='lat' dir='ltr'><strong>in</strong></span> <span class='ocrx_word' id='word_1_1113' title='bbox 2266 4815 2461 4888; x_wconf 87' lang='lat' dir='ltr'><strong>abysso</strong></span> <span class='ocrx_word' id='word_1_1114' title='bbox 2489 4832 2604 4871; x_wconf 90' lang='lat' dir='ltr'><strong>mea</strong></span> <span class='ocrx_word' id='word_1_1115' title='bbox 2630 4816 2918 4871; x_wconf 88' lang='lat' dir='ltr'><strong>damnabili</strong></span> <span class='ocrx_word' id='word_1_1116' title='bbox 2947 4815 3198 4873; x_wconf 88' lang='lat' dir='ltr'><strong>abscondi</strong></span> <span class='ocrx_word' id='word_1_1117' title='bbox 3226 4815 3314 4873; x_wconf 82' lang='lat' dir='ltr'><strong>me</strong></span> <span class='ocrx_word' id='word_1_1118' title='bbox 3332 4861 3349 4883; x_wconf 95' lang='lat'><strong>,</strong></span> <span class='ocrx_word' id='word_1_1119' title='bbox 3383 4819 3455 4873; x_wconf 91' lang='lat' dir='ltr'><strong>ibi</strong></span> <span class='ocrx_word' id='word_1_1120' title='bbox 3474 4815 3701 4888; x_wconf 56' lang='lat' dir='ltr'><strong>quoque</strong></span> 
     </span>
    </p>
   </div>
   <div class='ocr_carea' id='block_1_143' title="bbox 2114 4887 3708 4958">
    <p class='ocr_par' dir='ltr' id='par_1_143' title="bbox 2114 4887 3708 4958">
     <span class='ocr_line' id='line_1_145' title="bbox 2114 4887 3708 4958; baseline -0.001 -19"><span class='ocrx_word' id='word_1_1121' title='bbox 2114 4887 2261 4941; x_wconf 86' lang='lat' dir='ltr'><strong>vides</strong></span> <span class='ocrx_word' id='word_1_1122' title='bbox 2298 4902 2402 4941; x_wconf 91' lang='lat' dir='ltr'><strong>me.</strong></span> <span class='ocrx_word' id='word_1_1123' title='bbox 2432 4887 2561 4953; x_wconf 88' lang='lat' dir='ltr'><strong>Quis</strong></span> <span class='ocrx_word' id='word_1_1124' title='bbox 2582 4888 2723 4941; x_wconf 89' lang='lat' dir='ltr'><strong>enim</strong></span> <span class='ocrx_word' id='word_1_1125' title='bbox 2766 4888 2865 4943; x_wconf 92' lang='lat' dir='ltr'><strong>nisi</strong></span> <span class='ocrx_word' id='word_1_1126' title='bbox 2910 4898 2965 4943; x_wconf 92' lang='lat' dir='ltr'><strong>tu</strong></span> <span class='ocrx_word' id='word_1_1127' title='bbox 2989 4889 3055 4943; x_wconf 93' lang='lat' dir='ltr'><strong>ad</strong></span> <span class='ocrx_word' id='word_1_1128' title='bbox 3085 4889 3448 4958; x_wconf 63' lang='lat' dir='ltr'><strong>paenitendum</strong></span> <span class='ocrx_word' id='word_1_1129' title='bbox 3476 4887 3509 4919; x_wconf 64' lang='lat'><em>‘</em></span> <span class='ocrx_word' id='word_1_1130' title='bbox 3534 4890 3708 4942; x_wconf 71' lang='lat' dir='ltr'><strong>movit</strong></span> 
     </span>
    </p>
   </div>
   <div class='ocr_carea' id='block_1_144' title="bbox 2112 4958 3707 5029">
    <p class='ocr_par' dir='ltr' id='par_1_144' title="bbox 2112 4958 3707 5029">
     <span class='ocr_line' id='line_1_146' title="bbox 2112 4958 3707 5029; baseline 0 -18"><span class='ocrx_word' id='word_1_1131' title='bbox 2112 4959 2343 5012; x_wconf 85' lang='lat' dir='ltr'><strong>animam</strong></span> <span class='ocrx_word' id='word_1_1132' title='bbox 2372 4958 2746 5013; x_wconf 85' lang='lat' dir='ltr'><strong>meam?Bone</strong></span> <span class='ocrx_word' id='word_1_1133' title='bbox 2776 4959 3018 5025; x_wconf 89' lang='lat' dir='ltr'><strong>Domine,</strong></span> <span class='ocrx_word' id='word_1_1134' title='bbox 3039 4969 3092 5014; x_wconf 93' lang='lat' dir='ltr'><strong>tu</strong></span> <span class='ocrx_word' id='word_1_1135' title='bbox 3125 4961 3345 5029; x_wconf 87' lang='lat' dir='ltr'><strong>pulsasti</strong></span> <span class='ocrx_word' id='word_1_1136' title='bbox 3375 4970 3427 5014; x_wconf 89' lang='lat' dir='ltr'><strong>et</strong></span> <span class='ocrx_word' id='word_1_1137' title='bbox 3449 4958 3707 5013; x_wconf 76' lang='lat' dir='ltr'><strong>excitasti</strong></span> 
     </span>
    </p>
   </div>
   <div class='ocr_carea' id='block_1_145' title="bbox 2112 5029 3701 5099">
    <p class='ocr_par' dir='ltr' id='par_1_145' title="bbox 2112 5029 3701 5099">
     <span class='ocr_line' id='line_1_147' title="bbox 2112 5029 3701 5099; baseline -0.002 -16"><span class='ocrx_word' id='word_1_1138' title='bbox 2112 5044 2228 5084; x_wconf 88' lang='lat' dir='ltr'><strong>eam</strong></span> <span class='ocrx_word' id='word_1_1139' title='bbox 2263 5030 2311 5083; x_wconf 89' lang='lat' dir='ltr'><strong>in</strong></span> <span class='ocrx_word' id='word_1_1140' title='bbox 2340 5029 2531 5099; x_wconf 86' lang='lat' dir='ltr'><strong>abysso</strong></span> <span class='ocrx_word' id='word_1_1141' title='bbox 2550 5029 2864 5084; x_wconf 88' lang='lat' dir='ltr'><strong>delictorum</strong></span> <span class='ocrx_word' id='word_1_1142' title='bbox 2878 5046 3093 5084; x_wconf 89' lang='lat' dir='ltr'><strong>suorum</strong></span> <span class='ocrx_word' id='word_1_1143' title='bbox 3115 5032 3260 5086; x_wconf 87' lang='lat' dir='ltr'><strong>velut</strong></span> <span class='ocrx_word' id='word_1_1144' title='bbox 3286 5033 3339 5085; x_wconf 91' lang='lat' dir='ltr'><strong>in</strong></span> <span class='ocrx_word' id='word_1_1145' title='bbox 3371 5030 3539 5086; x_wconf 61' lang='lat' dir='ltr'><strong>lecto“</strong></span> <span class='ocrx_word' id='word_1_1146' title='bbox 3568 5029 3701 5083; x_wconf 87' lang='lat' dir='ltr'><strong>dor-</strong></span> 
     </span>
    </p>
   </div>
   <div class='ocr_carea' id='block_1_146' title="bbox 2114 5099 3707 5170">
    <p class='ocr_par' dir='ltr' id='par_1_146' title="bbox 2114 5099 3707 5170">
     <span class='ocr_line' id='line_1_148' title="bbox 2114 5099 3707 5170; baseline -0.001 -16"><span class='ocrx_word' id='word_1_1147' title='bbox 2114 5101 2365 5154; x_wconf 80' lang='lat' dir='ltr'><strong>mientcm</strong></span> <span class='ocrx_word' id='word_1_1148' title='bbox 2399 5116 2413 5163; x_wconf 93' lang='lat'><strong>;</strong></span> <span class='ocrx_word' id='word_1_1149' title='bbox 2446 5109 2500 5154; x_wconf 90' lang='lat' dir='ltr'><strong>tu</strong></span> <span class='ocrx_word' id='word_1_1150' title='bbox 2560 5101 2877 5170; x_wconf 84' lang='lat' dir='ltr'><strong>concussisti</strong></span> <span class='ocrx_word' id='word_1_1151' title='bbox 2923 5111 3262 5170; x_wconf 78' lang='lat' dir='ltr'><strong>torpentem,</strong></span> <span class='ocrx_word' id='word_1_1152' title='bbox 3297 5112 3351 5156; x_wconf 93' lang='lat' dir='ltr'><strong>tu</strong></span> <span class='ocrx_word' id='word_1_1153' title='bbox 3392 5099 3707 5155; x_wconf 76' lang='lat' dir='ltr'><strong>sollicitaSti</strong></span> 
     </span>
    </p>
   </div>
   <div class='ocr_carea' id='block_1_147' title="bbox 2112 5169 3705 5244">
    <p class='ocr_par' dir='ltr' id='par_1_147' title="bbox 2112 5169 3705 5244">
     <span class='ocr_line' id='line_1_149' title="bbox 2112 5169 3705 5244; baseline -0.002 -20"><span class='ocrx_word' id='word_1_1154' title='bbox 2112 5171 2503 5244; x_wconf 72' lang='lat' dir='ltr'><strong>negligentem,</strong></span> <span class='ocrx_word' id='word_1_1155' title='bbox 2540 5180 2592 5223; x_wconf 92' lang='lat' dir='ltr'><strong>tu</strong></span> <span class='ocrx_word' id='word_1_1156' title='bbox 2618 5169 2787 5244; x_wconf 81' lang='lat' dir='ltr'><strong>fecisti</strong></span> <span class='ocrx_word' id='word_1_1157' title='bbox 2818 5169 3160 5244; x_wconf 70' lang='lat' dir='ltr'><strong>pmnitentem</strong></span> <span class='ocrx_word' id='word_1_1158' title='bbox 3190 5172 3333 5244; x_wconf 86' lang='lat' dir='ltr'><strong>unde</strong></span> <span class='ocrx_word' id='word_1_1159' title='bbox 3356 5170 3705 5244; x_wconf 76' lang='lat' dir='ltr'><strong>jucundaba-</strong></span> 
     </span>
    </p>
   </div>
   <div class='ocr_carea' id='block_1_148' title="bbox 2114 5241 3705 5304">
    <p class='ocr_par' dir='ltr' id='par_1_148' title="bbox 2114 5241 3705 5304">
     <span class='ocr_line' id='line_1_150' title="bbox 2114 5241 3705 5304; baseline -0.001 -9"><span class='ocrx_word' id='word_1_1160' title='bbox 2114 5250 2225 5304; x_wconf 93' lang='lat' dir='ltr'><strong>tur,</strong></span> <span class='ocrx_word' id='word_1_1161' title='bbox 2258 5252 2312 5295; x_wconf 88' lang='lat' dir='ltr'><strong>et</strong></span> <span class='ocrx_word' id='word_1_1162' title='bbox 2341 5242 2609 5296; x_wconf 87' lang='lat' dir='ltr'><strong>dolentem</strong></span> <span class='ocrx_word' id='word_1_1163' title='bbox 2640 5241 2778 5296; x_wconf 91' lang='lat' dir='ltr'><strong>unde</strong></span> <span class='ocrx_word' id='word_1_1164' title='bbox 2804 5242 3183 5297; x_wconf 88' lang='lat' dir='ltr'><strong>delectabatur.</strong></span> <span class='ocrx_word' id='word_1_1165' title='bbox 3218 5241 3544 5303; x_wconf 49' lang='lat' dir='ltr'><strong>Bone&#39;Deus,</strong></span> <span class='ocrx_word' id='word_1_1166' title='bbox 3577 5256 3705 5295; x_wconf 80' lang='lat' dir='ltr'><strong>om-</strong></span> 
     </span>
    </p>
   </div>
   <div class='ocr_carea' id='block_1_149' title="bbox 2111 5312 3703 5396">
    <p class='ocr_par' dir='ltr' id='par_1_149' title="bbox 2111 5312 3703 5396">
     <span class='ocr_line' id='line_1_151' title="bbox 2111 5312 3703 5396; baseline -0.004 -29"><span class='ocrx_word' id='word_1_1167' title='bbox 2111 5314 2197 5396; x_wconf 71' lang='lat' dir='ltr'><strong>nia</strong></span> <span class='ocrx_word' id='word_1_1168' title='bbox 2227 5314 2339 5367; x_wconf 74' lang='lat' dir='ltr'><strong>hmc</strong></span> <span class='ocrx_word' id='word_1_1169' title='bbox 2363 5312 2540 5396; x_wconf 73' lang='lat' dir='ltr'><strong>fecisti</strong></span> <span class='ocrx_word' id='word_1_1170' title='bbox 2566 5313 2616 5366; x_wconf 91' lang='lat' dir='ltr'><strong>in</strong></span> <span class='ocrx_word' id='word_1_1171' title='bbox 2632 5313 2861 5396; x_wconf 45' lang='lat' dir='ltr'><strong>.abysso.</strong></span> <span class='ocrx_word' id='word_1_1172' title='bbox 2885 5313 3087 5368; x_wconf 80' lang='lat' dir='ltr'><strong>Exaudi</strong></span> <span class='ocrx_word' id='word_1_1173' title='bbox 3113 5328 3246 5396; x_wconf 84' lang='lat' dir='ltr'><strong>ergo</strong></span> <span class='ocrx_word' id='word_1_1174' title='bbox 3271 5315 3604 5396; x_wconf 63' lang='lat' dir='ltr'><strong>clamantem</strong></span> <span class='ocrx_word' id='word_1_1175' title='bbox 3636 5312 3703 5363; x_wconf 83' lang='lat' dir='ltr'><strong>de</strong></span> 
     </span>
    </p>
   </div>
   <div class='ocr_carea' id='block_1_150' title="bbox 2110 5383 3704 5456">
    <p class='ocr_par' dir='ltr' id='par_1_150' title="bbox 2110 5383 3704 5456">
     <span class='ocr_line' id='line_1_152' title="bbox 2110 5383 3704 5456; baseline -0.003 -18"><span class='ocrx_word' id='word_1_1176' title='bbox 2110 5385 2323 5456; x_wconf 85' lang='lat' dir='ltr'><strong>abysso.</strong></span> <span class='ocrx_word' id='word_1_1177' title='bbox 2350 5385 2391 5438; x_wconf 90' lang='lat' dir='ltr'><strong>A</strong></span> <span class='ocrx_word' id='word_1_1178' title='bbox 2426 5393 2496 5450; x_wconf 90' lang='lat' dir='ltr'><strong>te,</strong></span> <span class='ocrx_word' id='word_1_1179' title='bbox 2526 5383 2922 5456; x_wconf 80' lang='lat' dir='ltr'><strong>benignissime,</strong></span> <span class='ocrx_word' id='word_1_1180' title='bbox 2948 5393 3158 5456; x_wconf 84' lang='lat' dir='ltr'><strong>peccata</strong></span> <span class='ocrx_word' id='word_1_1181' title='bbox 3184 5383 3298 5439; x_wconf 82' lang='lat' dir='ltr'><strong>inea</strong></span> <span class='ocrx_word' id='word_1_1182' title='bbox 3324 5399 3420 5439; x_wconf 92' lang='lat' dir='ltr'><strong>non</strong></span> <span class='ocrx_word' id='word_1_1183' title='bbox 3447 5384 3704 5437; x_wconf 78' lang='lat' dir='ltr'><strong>abscon-</strong></span> 
     </span>
    </p>
   </div>
   <div class='ocr_carea' id='block_1_151' title="bbox 2110 5454 3701 5523">
    <p class='ocr_par' dir='ltr' id='par_1_151' title="bbox 2110 5454 3701 5523">
     <span class='ocr_line' id='line_1_153' title="bbox 2110 5454 3701 5523; baseline -0.003 -11"><span class='ocrx_word' id='word_1_1184' title='bbox 2110 5454 2200 5523; x_wconf 76' lang='lat' dir='ltr'><strong>do,</strong></span> <span class='ocrx_word' id='word_1_1185' title='bbox 2220 5471 2400 5511; x_wconf 89' lang='lat' dir='ltr'><strong>coram</strong></span> <span class='ocrx_word' id='word_1_1186' title='bbox 2432 5463 2483 5510; x_wconf 93' lang='lat' dir='ltr'><strong>te</strong></span> <span class='ocrx_word' id='word_1_1187' title='bbox 2512 5470 2616 5509; x_wconf 93' lang='lat' dir='ltr'><strong>non</strong></span> <span class='ocrx_word' id='word_1_1188' title='bbox 2644 5454 2889 5521; x_wconf 87' lang='lat' dir='ltr'><strong>defendo,</strong></span> <span class='ocrx_word' id='word_1_1189' title='bbox 2919 5454 3014 5512; x_wconf 84' lang='lat' dir='ltr'><strong>sed</strong></span> <span class='ocrx_word' id='word_1_1190' title='bbox 3041 5456 3262 5512; x_wconf 90' lang='lat' dir='ltr'><strong>ostendo</strong></span> <span class='ocrx_word' id='word_1_1191' title='bbox 3285 5476 3299 5523; x_wconf 87' lang='lat'><strong>;</strong></span> <span class='ocrx_word' id='word_1_1192' title='bbox 3321 5470 3416 5510; x_wconf 90' lang='lat' dir='ltr'><strong>non</strong></span> <span class='ocrx_word' id='word_1_1193' title='bbox 3445 5467 3701 5518; x_wconf 76' lang='lat' dir='ltr'><strong>excuso.</strong></span> 
     </span>
    </p>
   </div>
   <div class='ocr_carea' id='block_1_152' title="bbox 2174 5566 3167 5632">
    <p class='ocr_par' dir='ltr' id='par_1_152' title="bbox 2174 5566 3167 5632">
     <span class='ocr_line' id='line_1_154' title="bbox 2174 5566 3167 5632; baseline 0.005 -15"><span class='ocrx_word' id='word_1_1194' title='bbox 2174 5570 2190 5601; x_wconf 75' lang='grc' dir='ltr'>ί</span> <span class='ocrx_word' id='word_1_1195' title='bbox 2226 5568 2491 5632; x_wconf 78' lang='lat' dir='ltr'><strong>Anselmus,</strong></span> <span class='ocrx_word' id='word_1_1196' title='bbox 2508 5566 2769 5632; x_wconf 80' lang='lat' dir='ltr'><strong>bonorum;</strong></span> <span class='ocrx_word' id='word_1_1197' title='bbox 2792 5576 2844 5619; x_wconf 88' lang='lat' dir='ltr'><strong>et</strong></span> <span class='ocrx_word' id='word_1_1198' title='bbox 2863 5581 2995 5632; x_wconf 83' lang='lat' dir='ltr'><strong>mox,</strong></span> <span class='ocrx_word' id='word_1_1199' title='bbox 3021 5566 3167 5622; x_wconf 69' lang='lat' dir='ltr'><strong>bonis.</strong></span> 
     </span>
    </p>
   </div>
   <div class='ocr_carea' id='block_1_153' title="bbox 2175 5631 2982 5743">
    <p class='ocr_par' dir='ltr' id='par_1_153' title="bbox 2175 5631 2982 5743">
     <span class='ocr_line' id='line_1_155' title="bbox 2175 5631 2982 5743; baseline 0.004 -63"><span class='ocrx_word' id='word_1_1200' title='bbox 2175 5633 2195 5725; x_wconf 58' lang='grc' dir='ltr'><strong>ς</strong></span> <span class='ocrx_word' id='word_1_1201' title='bbox 2227 5631 2355 5743; x_wconf 46' lang='lat' dir='ltr'><strong>ﬁge</strong></span> <span class='ocrx_word' id='word_1_1202' title='bbox 2373 5644 2449 5743; x_wconf 46' lang='lat' dir='ltr'><strong>es;</strong></span> <span class='ocrx_word' id='word_1_1203' title='bbox 2470 5631 2711 5691; x_wconf 74' lang='lat' dir='ltr'><strong>Anselmo,</strong></span> <span class='ocrx_word' id='word_1_1204' title='bbox 2734 5637 2982 5683; x_wconf 66' lang='lat' dir='ltr'><strong>ceterum.</strong></span> 
     </span>
    </p>
   </div>
   <div class='ocr_carea' id='block_1_154' title="bbox 2171 5729 2788 5813">
    <p class='ocr_par' dir='ltr' id='par_1_154' title="bbox 2171 5729 2788 5813">
     <span class='ocr_line' id='line_1_156' title="bbox 2171 5729 2788 5813; baseline 0.008 -10"><span class='ocrx_word' id='word_1_1205' title='bbox 2171 5756 2194 5788; x_wconf 71' lang='grc' dir='ltr'>δ</span> <span class='ocrx_word' id='word_1_1206' title='bbox 2229 5729 2365 5813; x_wconf 54' lang='lat' dir='ltr'><strong>Alius‘,</strong></span> <span class='ocrx_word' id='word_1_1207' title='bbox 2386 5758 2449 5806; x_wconf 84' lang='lat' dir='ltr'><strong>ad</strong></span> <span class='ocrx_word' id='word_1_1208' title='bbox 2474 5755 2788 5808; x_wconf 63' lang='lat' dir='ltr'><strong>retinendum.</strong></span> 
     </span>
    </p>
   </div>
   <div class='ocr_carea' id='block_1_155' title="bbox 2174 5817 2494 5886">
    <p class='ocr_par' dir='ltr' id='par_1_155' title="bbox 2174 5817 2494 5886">
     <span class='ocr_line' id='line_1_157' title="bbox 2174 5817 2494 5886; baseline -0.006 -13"><span class='ocrx_word' id='word_1_1209' title='bbox 2174 5820 2194 5853; x_wconf 85' lang='grc'><strong><em>⁸</em></strong></span> <span class='ocrx_word' id='word_1_1210' title='bbox 2228 5826 2354 5886; x_wconf 60' lang='lat' dir='ltr'><strong>mss,</strong></span> <span class='ocrx_word' id='word_1_1211' title='bbox 2380 5817 2494 5873; x_wconf 71' lang='grc' dir='ltr'><strong>ιωο.</strong></span> 
     </span>
    </p>
   </div>
  </div>
