  <div class='ocr_page' id='page_1' title='image "/cluster/home/n/w/nwhite01/storage/ocr_20150623/40-41/uva.x000217726/480.png"; bbox 0 0 3808 6506; ppageno 0'>
   <div class='ocr_carea' id='block_1_1' title="bbox 123 329 2180 398">
    <p class='ocr_par' dir='ltr' id='par_1_1' title="bbox 123 329 2180 398">
     <span class='ocr_line' id='line_1_1' title="bbox 123 329 2180 398; baseline -0.007 0"><span class='ocrx_word' id='word_1_1' title='bbox 123 339 194 398; x_wconf 61' lang='grc'><strong>919</strong></span> <span class='ocrx_word' id='word_1_2' title='bbox 1313 330 1685 388; x_wconf 83' lang='lat' dir='ltr'><strong>ADMONITIO</strong></span> <span class='ocrx_word' id='word_1_3' title='bbox 1725 330 1791 387; x_wconf 78' lang='lat' dir='ltr'><strong>1N</strong></span> <span class='ocrx_word' id='word_1_4' title='bbox 1829 329 2180 386; x_wconf 73' lang='lat' dir='ltr'><strong>MANUALE.</strong></span> 
     </span>
    </p>
   </div>
   <div class='ocr_carea' id='block_1_2' title="bbox 124 452 1698 522">
    <p class='ocr_par' dir='ltr' id='par_1_2' title="bbox 124 452 1698 522">
     <span class='ocr_line' id='line_1_2' title="bbox 124 452 1698 522; baseline -0.006 -9"><span class='ocrx_word' id='word_1_5' title='bbox 213 466 424 509; x_wconf 68' lang='lat' dir='ltr'><strong>aculeo.</strong></span> <span class='ocrx_word' id='word_1_6' title='bbox 460 453 582 522; x_wconf 82' lang='lat' dir='ltr'><strong>Ego</strong></span> <span class='ocrx_word' id='word_1_7' title='bbox 611 468 736 507; x_wconf 88' lang='lat' dir='ltr'><strong>sum</strong></span> <span class='ocrx_word' id='word_1_8' title='bbox 769 467 922 516; x_wconf 83' lang='lat' dir='ltr'><strong>reus,</strong></span> <span class='ocrx_word' id='word_1_9' title='bbox 953 467 1052 520; x_wconf 86' lang='lat' dir='ltr'><strong>ego</strong></span> <span class='ocrx_word' id='word_1_10' title='bbox 1102 452 1215 520; x_wconf 88' lang='lat' dir='ltr'><strong>ipse</strong></span> <span class='ocrx_word' id='word_1_11' title='bbox 1255 465 1373 522; x_wconf 78' lang='lat' dir='ltr'><strong>sum</strong></span> <span class='ocrx_word' id='word_1_12' title='bbox 1395 459 1698 522; x_wconf 76' lang='lat' dir='ltr'><strong>accusator</strong></span> 
     </span>
    </p>
   </div>
   <div class='ocr_carea' id='block_1_3' title="bbox 124 518 1699 594">
    <p class='ocr_par' dir='ltr' id='par_1_3' title="bbox 124 518 1699 594">
     <span class='ocr_line' id='line_1_3' title="bbox 124 518 1699 594; baseline -0.005 -12"><span class='ocrx_word' id='word_1_13' title='bbox 124 545 271 583; x_wconf 79' lang='lat' dir='ltr'><strong>meus.</strong></span> <span class='ocrx_word' id='word_1_14' title='bbox 309 524 417 580; x_wconf 71' lang='lat' dir='ltr'><strong>Non</strong></span> <span class='ocrx_word' id='word_1_15' title='bbox 441 518 684 578; x_wconf 72' lang='lat' dir='ltr'><strong>accuses</strong></span> <span class='ocrx_word' id='word_1_16' title='bbox 711 541 798 580; x_wconf 92' lang='lat' dir='ltr'><strong>me</strong></span> <span class='ocrx_word' id='word_1_17' title='bbox 820 566 834 590; x_wconf 92' lang='lat'><strong>,</strong></span> <span class='ocrx_word' id='word_1_18' title='bbox 861 524 948 594; x_wconf 85' lang='lat' dir='ltr'><strong>qui</strong></span> <span class='ocrx_word' id='word_1_19' title='bbox 973 518 1143 594; x_wconf 80' lang='lat' dir='ltr'><strong>iecisti</strong></span> <span class='ocrx_word' id='word_1_20' title='bbox 1183 537 1286 576; x_wconf 90' lang='lat' dir='ltr'><strong>me.</strong></span> <span class='ocrx_word' id='word_1_21' title='bbox 1317 518 1475 594; x_wconf 84' lang='lat' dir='ltr'><strong>Solus</strong></span> <span class='ocrx_word' id='word_1_22' title='bbox 1514 518 1699 594; x_wconf 75' lang='lat' dir='ltr'><strong>sull&#39;cci</strong></span> 
     </span>
    </p>
   </div>
   <div class='ocr_carea' id='block_1_4' title="bbox 123 591 1700 664">
    <p class='ocr_par' dir='ltr' id='par_1_4' title="bbox 123 591 1700 664">
     <span class='ocr_line' id='line_1_4' title="bbox 123 591 1700 664; baseline -0.004 -13"><span class='ocrx_word' id='word_1_23' title='bbox 123 601 166 651; x_wconf 72' lang='lat' dir='ltr'><strong>ad</strong></span> <span class='ocrx_word' id='word_1_24' title='bbox 193 595 559 664; x_wconf 38' lang='lat' dir='ltr'><strong>paret-audiam;</strong></span> <span class='ocrx_word' id='word_1_25' title='bbox 593 595 750 650; x_wconf 88' lang='lat' dir='ltr'><strong>solus</strong></span> <span class='ocrx_word' id='word_1_26' title='bbox 773 591 1028 650; x_wconf 77' lang='lat' dir='ltr'><strong>sufﬁciam</strong></span> <span class='ocrx_word' id='word_1_27' title='bbox 1055 593 1120 649; x_wconf 89' lang='lat' dir='ltr'><strong>ad</strong></span> <span class='ocrx_word' id='word_1_28' title='bbox 1149 592 1520 659; x_wconf 84' lang='lat' dir='ltr'><strong>accusandum,</strong></span> <span class='ocrx_word' id='word_1_29' title='bbox 1551 591 1700 646; x_wconf 92' lang='lat' dir='ltr'><strong>solus</strong></span> 
     </span>
    </p>
   </div>
   <div class='ocr_carea' id='block_1_5' title="bbox 122 666 596 736">
    <p class='ocr_par' dir='ltr' id='par_1_5' title="bbox 122 666 596 736">
     <span class='ocr_line' id='line_1_5' title="bbox 122 666 596 736; baseline -0.006 -16"><span class='ocrx_word' id='word_1_30' title='bbox 122 669 162 720; x_wconf 67' lang='lat' dir='ltr'><strong>al</strong></span> <span class='ocrx_word' id='word_1_31' title='bbox 187 666 596 736; x_wconf 68' lang='grc' dir='ltr'><strong>Ῑκιιηξιρηιιωη.</strong></span> 
     </span>
    </p>
   </div>
   <div class='ocr_carea' id='block_1_6' title="bbox 156 733 1700 803">
    <p class='ocr_par' dir='ltr' id='par_1_6' title="bbox 156 733 1700 803">
     <span class='ocr_line' id='line_1_6' title="bbox 156 733 1700 803; baseline -0.002 -12"><span class='ocrx_word' id='word_1_32' title='bbox 156 733 386 791; x_wconf 74' lang='lat' dir='ltr'><strong>CAPUT</strong></span> <span class='ocrx_word' id='word_1_33' title='bbox 416 735 491 790; x_wconf 70' lang='grc' dir='ltr'><strong>Χ.</strong></span> <span class='ocrx_word' id='word_1_34' title='bbox 541 735 844 790; x_wconf 70' lang='lat' dir='ltr'><strong>Paenitenlis</strong></span> <span class='ocrx_word' id='word_1_35' title='bbox 882 734 1108 802; x_wconf 67' lang='lat' dir='ltr'><strong>a/fectus.</strong></span> <span class='ocrx_word' id='word_1_36' title='bbox 1139 735 1215 803; x_wconf 82' lang='grc' dir='ltr'><strong>(α)</strong></span> <span class='ocrx_word' id='word_1_37' title='bbox 1241 734 1348 790; x_wconf 91' lang='lat' dir='ltr'><strong>Sed</strong></span> <span class='ocrx_word' id='word_1_38' title='bbox 1372 733 1529 799; x_wconf 88' lang='lat' dir='ltr'><strong>unde,</strong></span> <span class='ocrx_word' id='word_1_39' title='bbox 1559 733 1700 788; x_wconf 92' lang='lat' dir='ltr'><strong>Deus</strong></span> 
     </span>
    </p>
   </div>
   <div class='ocr_carea' id='block_1_7' title="bbox 119 804 1696 871">
    <p class='ocr_par' dir='ltr' id='par_1_7' title="bbox 119 804 1696 871">
     <span class='ocr_line' id='line_1_7' title="bbox 119 804 1696 871; baseline -0.003 -10"><span class='ocrx_word' id='word_1_40' title='bbox 119 823 252 871; x_wconf 73' lang='lat' dir='ltr'><strong>meus,</strong></span> <span class='ocrx_word' id='word_1_41' title='bbox 287 816 580 862; x_wconf 79' lang='lat' dir='ltr'><strong>tantorum</strong></span> <span class='ocrx_word' id='word_1_42' title='bbox 633 807 913 860; x_wconf 82' lang='lat' dir='ltr'><strong>criminum</strong></span> <span class='ocrx_word' id='word_1_43' title='bbox 963 807 1256 869; x_wconf 83' lang='lat' dir='ltr'><strong>correctio,</strong></span> <span class='ocrx_word' id='word_1_44' title='bbox 1291 806 1428 860; x_wconf 90' lang='lat' dir='ltr'><strong>unde</strong></span> <span class='ocrx_word' id='word_1_45' title='bbox 1457 804 1550 857; x_wconf 91' lang='lat' dir='ltr'><strong>tibi</strong></span> <span class='ocrx_word' id='word_1_46' title='bbox 1579 814 1696 856; x_wconf 88' lang='lat' dir='ltr'><strong>tan-</strong></span> 
     </span>
    </p>
   </div>
   <div class='ocr_carea' id='block_1_8' title="bbox 119 874 1700 946">
    <p class='ocr_par' dir='ltr' id='par_1_8' title="bbox 119 874 1700 946">
     <span class='ocr_line' id='line_1_8' title="bbox 119 874 1700 946; baseline -0.001 -18"><span class='ocrx_word' id='word_1_47' title='bbox 119 893 253 930; x_wconf 74' lang='lat' dir='ltr'><strong>t-.;ru.n</strong></span> <span class='ocrx_word' id='word_1_48' title='bbox 309 879 591 932; x_wconf 86' lang='lat' dir='ltr'><strong>scelerum</strong></span> <span class='ocrx_word' id='word_1_49' title='bbox 626 876 958 931; x_wconf 65' lang='lat' dir='ltr'><strong>satisfactio?</strong></span> <span class='ocrx_word' id='word_1_50' title='bbox 987 876 1326 946; x_wconf 70' lang='lat' dir='ltr'><strong>Prazcipitare</strong></span> <span class='ocrx_word' id='word_1_51' title='bbox 1355 890 1502 944; x_wconf 85' lang='lat' dir='ltr'><strong>ergo,</strong></span> <span class='ocrx_word' id='word_1_52' title='bbox 1536 874 1700 946; x_wconf 84' lang='lat' dir='ltr'><strong>miser</strong></span> 
     </span>
    </p>
   </div>
   <div class='ocr_carea' id='block_1_9' title="bbox 117 945 1696 1016">
    <p class='ocr_par' dir='ltr' id='par_1_9' title="bbox 117 945 1696 1016">
     <span class='ocr_line' id='line_1_9' title="bbox 117 945 1696 1016; baseline 0.001 -19"><span class='ocrx_word' id='word_1_53' title='bbox 117 949 408 1008; x_wconf 65' lang='lat' dir='ltr'><strong>lnanuncio.</strong></span> <span class='ocrx_word' id='word_1_54' title='bbox 442 948 498 1000; x_wconf 92' lang='lat' dir='ltr'><strong>in</strong></span> <span class='ocrx_word' id='word_1_55' title='bbox 530 946 855 1016; x_wconf 77' lang='lat' dir='ltr'><strong>profundum</strong></span> <span class='ocrx_word' id='word_1_56' title='bbox 885 947 1250 1001; x_wconf 72' lang='lat' dir='ltr'><strong>immoderata:</strong></span> <span class='ocrx_word' id='word_1_57' title='bbox 1278 946 1545 1001; x_wconf 67' lang='lat' dir='ltr'><strong>mtestitize</strong></span> <span class='ocrx_word' id='word_1_58' title='bbox 1564 986 1577 1009; x_wconf 92' lang='lat'><strong>,</strong></span> <span class='ocrx_word' id='word_1_59' title='bbox 1608 945 1696 1014; x_wconf 90' lang='lat' dir='ltr'><strong>qui</strong></span> 
     </span>
    </p>
   </div>
   <div class='ocr_carea' id='block_1_10' title="bbox 113 1015 1697 1086">
    <p class='ocr_par' dir='ltr' id='par_1_10' title="bbox 113 1015 1697 1086">
     <span class='ocr_line' id='line_1_10' title="bbox 113 1015 1697 1086; baseline -0.001 -16"><span class='ocrx_word' id='word_1_60' title='bbox 113 1028 270 1085; x_wconf 51' lang='lat' dir='ltr'><strong>sonte</strong></span> <span class='ocrx_word' id='word_1_61' title='bbox 329 1015 711 1086; x_wconf 52' lang='lat' dir='ltr'><strong>praecipitatus</strong></span> <span class='ocrx_word' id='word_1_62' title='bbox 738 1032 797 1071; x_wconf 90' lang='lat' dir='ltr'><strong>es</strong></span> <span class='ocrx_word' id='word_1_63' title='bbox 846 1018 898 1071; x_wconf 90' lang='lat' dir='ltr'><strong>in</strong></span> <span class='ocrx_word' id='word_1_64' title='bbox 927 1018 1236 1071; x_wconf 88' lang='lat' dir='ltr'><strong>barathrum</strong></span> <span class='ocrx_word' id='word_1_65' title='bbox 1289 1015 1570 1070; x_wconf 72' lang='lat' dir='ltr'><strong>horrendae</strong></span> <span class='ocrx_word' id='word_1_66' title='bbox 1598 1031 1697 1070; x_wconf 90' lang='lat' dir='ltr'><strong>ne-</strong></span> 
     </span>
    </p>
   </div>
   <div class='ocr_carea' id='block_1_11' title="bbox 110 1086 1692 1157">
    <p class='ocr_par' dir='ltr' id='par_1_11' title="bbox 110 1086 1692 1157">
     <span class='ocr_line' id='line_1_11' title="bbox 110 1086 1692 1157; baseline -0.002 -15"><span class='ocrx_word' id='word_1_67' title='bbox 110 1091 282 1157; x_wconf 61' lang='lat' dir='ltr'><strong>quitia.</strong></span> <span class='ocrx_word' id='word_1_68' title='bbox 315 1086 598 1152; x_wconf 84' lang='lat' dir='ltr'><strong>Obruere,</strong></span> <span class='ocrx_word' id='word_1_69' title='bbox 634 1087 840 1150; x_wconf 80' lang='lat' dir='ltr'><strong>infelix,</strong></span> <span class='ocrx_word' id='word_1_70' title='bbox 874 1089 1016 1142; x_wconf 90' lang='lat' dir='ltr'><strong>mole</strong></span> <span class='ocrx_word' id='word_1_71' title='bbox 1043 1089 1296 1142; x_wconf 91' lang='lat' dir='ltr'><strong>terribilis</strong></span> <span class='ocrx_word' id='word_1_72' title='bbox 1317 1087 1552 1157; x_wconf 92' lang='lat' dir='ltr'><strong>doloris_,</strong></span> <span class='ocrx_word' id='word_1_73' title='bbox 1600 1086 1692 1156; x_wconf 90' lang='lat' dir='ltr'><strong>qui</strong></span> 
     </span>
    </p>
   </div>
   <div class='ocr_carea' id='block_1_12' title="bbox 107 1155 1696 1214">
    <p class='ocr_par' dir='ltr' id='par_1_12' title="bbox 107 1155 1696 1214">
     <span class='ocr_line' id='line_1_12' title="bbox 107 1155 1696 1214; baseline -0.001 -4"><span class='ocrx_word' id='word_1_74' title='bbox 107 1155 249 1213; x_wconf 71' lang='lat' dir='ltr'><strong>libens</strong></span> <span class='ocrx_word' id='word_1_75' title='bbox 276 1160 545 1213; x_wconf 82' lang='lat' dir='ltr'><strong>corruiin</strong></span> <span class='ocrx_word' id='word_1_76' title='bbox 577 1161 631 1213; x_wconf 90' lang='lat' dir='ltr'><strong>in</strong></span> <span class='ocrx_word' id='word_1_77' title='bbox 679 1175 890 1214; x_wconf 58' lang='lat' dir='ltr'><strong>caenum</strong></span> <span class='ocrx_word' id='word_1_78' title='bbox 946 1158 1218 1213; x_wconf 76' lang='lat' dir='ltr'><strong>infernalis</strong></span> <span class='ocrx_word' id='word_1_79' title='bbox 1266 1157 1467 1213; x_wconf 85' lang='lat' dir='ltr'><strong>fetoris.</strong></span> <span class='ocrx_word' id='word_1_80' title='bbox 1499 1155 1696 1211; x_wconf 85' lang='lat' dir='ltr'><strong>Obvol-</strong></span> 
     </span>
    </p>
   </div>
   <div class='ocr_carea' id='block_1_13' title="bbox 106 1227 1698 1294">
    <p class='ocr_par' dir='ltr' id='par_1_13' title="bbox 106 1227 1698 1294">
     <span class='ocr_line' id='line_1_13' title="bbox 106 1227 1698 1294; baseline 0.001 -16"><span class='ocrx_word' id='word_1_81' title='bbox 106 1246 223 1294; x_wconf 69' lang='lat' dir='ltr'><strong>rere,</strong></span> <span class='ocrx_word' id='word_1_82' title='bbox 261 1244 587 1283; x_wconf 62' lang='lat' dir='ltr'><strong>mrunmose</strong></span> <span class='ocrx_word' id='word_1_83' title='bbox 612 1271 628 1294; x_wconf 87' lang='lat'><strong>,</strong></span> <span class='ocrx_word' id='word_1_84' title='bbox 658 1230 852 1283; x_wconf 88' lang='lat' dir='ltr'><strong>iterum</strong></span> <span class='ocrx_word' id='word_1_85' title='bbox 878 1229 1063 1282; x_wconf 87' lang='lat' dir='ltr'><strong>volens</strong></span> <span class='ocrx_word' id='word_1_86' title='bbox 1112 1229 1342 1284; x_wconf 77' lang='lat' dir='ltr'><strong>horridis</strong></span> <span class='ocrx_word' id='word_1_87' title='bbox 1371 1229 1422 1282; x_wconf 86' lang='lat' dir='ltr'><strong>in</strong></span> <span class='ocrx_word' id='word_1_88' title='bbox 1466 1227 1698 1281; x_wconf 84' lang='lat' dir='ltr'><strong>tenebris</strong></span> 
     </span>
    </p>
   </div>
   <div class='ocr_carea' id='block_1_14' title="bbox 103 1299 1697 1369">
    <p class='ocr_par' dir='ltr' id='par_1_14' title="bbox 103 1299 1697 1369">
     <span class='ocr_line' id='line_1_14' title="bbox 103 1299 1697 1369; baseline -0.001 -17"><span class='ocrx_word' id='word_1_89' title='bbox 103 1301 507 1354; x_wconf 66' lang='lat' dir='ltr'><strong>inmsolabilis</strong></span> <span class='ocrx_word' id='word_1_90' title='bbox 527 1300 726 1362; x_wconf 84' lang='lat' dir='ltr'><strong>luctus,</strong></span> <span class='ocrx_word' id='word_1_91' title='bbox 755 1302 844 1368; x_wconf 89' lang='lat' dir='ltr'><strong>qui</strong></span> <span class='ocrx_word' id='word_1_92' title='bbox 875 1300 1061 1353; x_wconf 89' lang='lat' dir='ltr'><strong>volens</strong></span> <span class='ocrx_word' id='word_1_93' title='bbox 1091 1301 1402 1369; x_wconf 89' lang='lat' dir='ltr'><strong>provolutus</strong></span> <span class='ocrx_word' id='word_1_94' title='bbox 1433 1314 1493 1354; x_wconf 88' lang='lat' dir='ltr'><strong>cs</strong></span> <span class='ocrx_word' id='word_1_95' title='bbox 1518 1299 1569 1351; x_wconf 89' lang='lat' dir='ltr'><strong>in</strong></span> <span class='ocrx_word' id='word_1_96' title='bbox 1599 1312 1697 1351; x_wconf 88' lang='lat' dir='ltr'><strong>vo-</strong></span> 
     </span>
    </p>
   </div>
   <div class='ocr_carea' id='block_1_15' title="bbox 100 1370 1697 1440">
    <p class='ocr_par' dir='ltr' id='par_1_15' title="bbox 100 1370 1697 1440">
     <span class='ocr_line' id='line_1_15' title="bbox 100 1370 1697 1440; baseline -0.001 -17"><span class='ocrx_word' id='word_1_97' title='bbox 100 1373 266 1438; x_wconf 56' lang='lat' dir='ltr'><strong>ragine</strong></span> <span class='ocrx_word' id='word_1_98' title='bbox 299 1380 414 1424; x_wconf 86' lang='lat' dir='ltr'><strong>tam</strong></span> <span class='ocrx_word' id='word_1_99' title='bbox 442 1370 660 1426; x_wconf 80' lang='lat' dir='ltr'><strong>sordidi</strong></span> <span class='ocrx_word' id='word_1_100' title='bbox 691 1370 879 1424; x_wconf 78' lang='lat' dir='ltr'><strong>[luctus</strong></span> <span class='ocrx_word' id='word_1_101' title='bbox 900 1372 938 1401; x_wconf 76' lang='lat'><strong>‘°</strong></span> <span class='ocrx_word' id='word_1_102' title='bbox 967 1370 1222 1423; x_wconf 78' lang='lat' dir='ltr'><strong>Volutare</strong></span> <span class='ocrx_word' id='word_1_103' title='bbox 1248 1372 1298 1423; x_wconf 91' lang='lat' dir='ltr'><strong>in</strong></span> <span class='ocrx_word' id='word_1_104' title='bbox 1325 1370 1528 1440; x_wconf 75' lang='lat' dir='ltr'><strong>gurgite</strong></span> <span class='ocrx_word' id='word_1_105' title='bbox 1547 1384 1697 1440; x_wconf 77' lang='lat' dir='ltr'><strong>ama-</strong></span> 
     </span>
    </p>
   </div>
   <div class='ocr_carea' id='block_1_16' title="bbox 99 1438 1694 1510">
    <p class='ocr_par' dir='ltr' id='par_1_16' title="bbox 99 1438 1694 1510">
     <span class='ocr_line' id='line_1_16' title="bbox 99 1438 1694 1510; baseline -0.001 -18"><span class='ocrx_word' id='word_1_106' title='bbox 99 1442 356 1505; x_wconf 67' lang='lat' dir='ltr'><strong>uredinis,</strong></span> <span class='ocrx_word' id='word_1_107' title='bbox 391 1442 496 1510; x_wconf 87' lang='lat' dir='ltr'><strong>qui</strong></span> <span class='ocrx_word' id='word_1_108' title='bbox 519 1441 820 1495; x_wconf 89' lang='lat' dir='ltr'><strong>delectatus</strong></span> <span class='ocrx_word' id='word_1_109' title='bbox 849 1456 910 1496; x_wconf 91' lang='lat' dir='ltr'><strong>es</strong></span> <span class='ocrx_word' id='word_1_110' title='bbox 941 1441 991 1493; x_wconf 91' lang='lat' dir='ltr'><strong>in</strong></span> <span class='ocrx_word' id='word_1_111' title='bbox 1024 1441 1303 1494; x_wconf 88' lang='lat' dir='ltr'><strong>volutabro</strong></span> <span class='ocrx_word' id='word_1_112' title='bbox 1334 1438 1694 1510; x_wconf 80' lang='lat' dir='ltr'><strong>turpitudinis.</strong></span> 
     </span>
    </p>
   </div>
   <div class='ocr_carea' id='block_1_17' title="bbox 100 1509 1696 1575">
    <p class='ocr_par' dir='ltr' id='par_1_17' title="bbox 100 1509 1696 1575">
     <span class='ocr_line' id='line_1_17' title="bbox 100 1509 1696 1575; baseline -0.001 -11"><span class='ocrx_word' id='word_1_113' title='bbox 100 1511 284 1566; x_wconf 57' lang='lat' dir='ltr'><strong>Terror</strong></span> <span class='ocrx_word' id='word_1_114' title='bbox 325 1509 640 1575; x_wconf 78' lang='lat' dir='ltr'><strong>horribilis,</strong></span> <span class='ocrx_word' id='word_1_115' title='bbox 667 1510 822 1565; x_wconf 87' lang='lat' dir='ltr'><strong>dolor</strong></span> <span class='ocrx_word' id='word_1_116' title='bbox 852 1511 1125 1574; x_wconf 82' lang='lat' dir='ltr'><strong>terribilis,</strong></span> <span class='ocrx_word' id='word_1_117' title='bbox 1158 1526 1361 1564; x_wconf 70' lang='lat' dir='ltr'><strong>maeror</strong></span> <span class='ocrx_word' id='word_1_118' title='bbox 1391 1509 1696 1563; x_wconf 86' lang='lat' dir='ltr'><strong>inconsola-</strong></span> 
     </span>
    </p>
   </div>
   <div class='ocr_carea' id='block_1_18' title="bbox 94 1581 1697 1652">
    <p class='ocr_par' dir='ltr' id='par_1_18' title="bbox 94 1581 1697 1652">
     <span class='ocr_line' id='line_1_18' title="bbox 94 1581 1697 1652; baseline -0.001 -17"><span class='ocrx_word' id='word_1_119' title='bbox 94 1583 220 1647; x_wconf 73' lang='lat' dir='ltr'><strong>bilis,</strong></span> <span class='ocrx_word' id='word_1_120' title='bbox 275 1591 581 1652; x_wconf 68' lang='lat' dir='ltr'><strong>aggregate</strong></span> <span class='ocrx_word' id='word_1_121' title='bbox 608 1597 705 1636; x_wconf 91' lang='lat' dir='ltr'><strong>vos</strong></span> <span class='ocrx_word' id='word_1_122' title='bbox 736 1597 897 1650; x_wconf 89' lang='lat' dir='ltr'><strong>super</strong></span> <span class='ocrx_word' id='word_1_123' title='bbox 925 1596 1029 1647; x_wconf 89' lang='lat' dir='ltr'><strong>me,</strong></span> <span class='ocrx_word' id='word_1_124' title='bbox 1071 1581 1279 1646; x_wconf 89' lang='lat' dir='ltr'><strong>irruite,</strong></span> <span class='ocrx_word' id='word_1_125' title='bbox 1308 1581 1539 1647; x_wconf 87' lang='lat' dir='ltr'><strong>obruite,</strong></span> <span class='ocrx_word' id='word_1_126' title='bbox 1569 1596 1697 1649; x_wconf 86' lang='lat' dir='ltr'><strong>per-</strong></span> 
     </span>
    </p>
   </div>
   <div class='ocr_carea' id='block_1_19' title="bbox 96 1652 1695 1720">
    <p class='ocr_par' dir='ltr' id='par_1_19' title="bbox 96 1652 1695 1720">
     <span class='ocr_line' id='line_1_19' title="bbox 96 1652 1695 1720; baseline 0 -14"><span class='ocrx_word' id='word_1_127' title='bbox 96 1655 316 1715; x_wconf 66' lang='lat' dir='ltr'><strong>turbate,</strong></span> <span class='ocrx_word' id='word_1_128' title='bbox 333 1653 648 1717; x_wconf 86' lang='lat' dir='ltr'><strong>obvolvite,</strong></span> <span class='ocrx_word' id='word_1_129' title='bbox 679 1652 966 1720; x_wconf 83' lang='lat' dir='ltr'><strong>possidete.</strong></span> <span class='ocrx_word' id='word_1_130' title='bbox 988 1652 1196 1706; x_wconf 87' lang='lat' dir='ltr'><strong>Justum</strong></span> <span class='ocrx_word' id='word_1_131' title='bbox 1223 1663 1306 1706; x_wconf 88' lang='lat' dir='ltr'><strong>est</strong></span> <span class='ocrx_word' id='word_1_132' title='bbox 1327 1693 1342 1718; x_wconf 93' lang='lat'><strong>,</strong></span> <span class='ocrx_word' id='word_1_133' title='bbox 1367 1653 1567 1719; x_wconf 91' lang='lat' dir='ltr'><strong>justum</strong></span> <span class='ocrx_word' id='word_1_134' title='bbox 1593 1660 1695 1719; x_wconf 90' lang='lat' dir='ltr'><strong>est,</strong></span> 
     </span>
    </p>
   </div>
   <div class='ocr_carea' id='block_1_20' title="bbox 94 1720 1697 1792">
    <p class='ocr_par' dir='ltr' id='par_1_20' title="bbox 94 1720 1697 1792">
     <span class='ocr_line' id='line_1_20' title="bbox 94 1720 1697 1792; baseline 0.001 -18"><span class='ocrx_word' id='word_1_135' title='bbox 94 1733 332 1792; x_wconf 72' lang='lat' dir='ltr'><strong>torquete</strong></span> <span class='ocrx_word' id='word_1_136' title='bbox 365 1726 388 1754; x_wconf 82' lang='grc'>³</span> <span class='ocrx_word' id='word_1_137' title='bbox 423 1741 607 1789; x_wconf 87' lang='lat' dir='ltr'><strong>reum,</strong></span> <span class='ocrx_word' id='word_1_138' title='bbox 639 1723 905 1777; x_wconf 78' lang='lat' dir='ltr'><strong>vindicate</strong></span> <span class='ocrx_word' id='word_1_139' title='bbox 938 1724 1124 1778; x_wconf 91' lang='lat' dir='ltr'><strong>Deum.</strong></span> <span class='ocrx_word' id='word_1_140' title='bbox 1182 1723 1497 1776; x_wconf 75' lang='lat' dir='ltr'><strong>l’ra-sentiat</strong></span> <span class='ocrx_word' id='word_1_141' title='bbox 1525 1720 1697 1792; x_wconf 49' lang='lat' dir='ltr'><strong>fornif</strong></span> 
     </span>
    </p>
   </div>
   <div class='ocr_carea' id='block_1_21' title="bbox 93 1791 1699 1863">
    <p class='ocr_par' dir='ltr' id='par_1_21' title="bbox 93 1791 1699 1863">
     <span class='ocr_line' id='line_1_21' title="bbox 93 1791 1699 1863; baseline 0.001 -19"><span class='ocrx_word' id='word_1_142' title='bbox 93 1791 235 1846; x_wconf 58' lang='lat' dir='ltr'><strong>mor</strong></span> <span class='ocrx_word' id='word_1_143' title='bbox 266 1793 473 1849; x_wconf 78' lang='lat' dir='ltr'><strong>inferni</strong></span> <span class='ocrx_word' id='word_1_144' title='bbox 505 1803 776 1849; x_wconf 85' lang='lat' dir='ltr'><strong>tormenta</strong></span> <span class='ocrx_word' id='word_1_145' title='bbox 814 1809 932 1863; x_wconf 74' lang='lat' dir='ltr'><strong>qua:</strong></span> <span class='ocrx_word' id='word_1_146' title='bbox 963 1793 1190 1858; x_wconf 87' lang='lat' dir='ltr'><strong>meruit,</strong></span> <span class='ocrx_word' id='word_1_147' title='bbox 1243 1799 1530 1862; x_wconf 76' lang='lat' dir='ltr'><strong>przcgustet</strong></span> <span class='ocrx_word' id='word_1_148' title='bbox 1557 1791 1699 1862; x_wconf 89' lang='lat' dir='ltr'><strong>quod</strong></span> 
     </span>
    </p>
   </div>
   <div class='ocr_carea' id='block_1_22' title="bbox 95 1863 1699 1934">
    <p class='ocr_par' dir='ltr' id='par_1_22' title="bbox 95 1863 1699 1934">
     <span class='ocr_line' id='line_1_22' title="bbox 95 1863 1699 1934; baseline -0.001 -17"><span class='ocrx_word' id='word_1_149' title='bbox 95 1866 440 1934; x_wconf 60' lang='lat' dir='ltr'><strong>pra-paravit,</strong></span> <span class='ocrx_word' id='word_1_150' title='bbox 477 1865 625 1918; x_wconf 84' lang='lat' dir='ltr'><strong>bibat</strong></span> <span class='ocrx_word' id='word_1_151' title='bbox 666 1864 810 1934; x_wconf 91' lang='lat' dir='ltr'><strong>quod</strong></span> <span class='ocrx_word' id='word_1_152' title='bbox 857 1865 1101 1927; x_wconf 85' lang='lat' dir='ltr'><strong>nutrivit,</strong></span> <span class='ocrx_word' id='word_1_153' title='bbox 1133 1872 1404 1917; x_wconf 82' lang='lat' dir='ltr'><strong>assuescat</strong></span> <span class='ocrx_word' id='word_1_154' title='bbox 1429 1863 1570 1932; x_wconf 88' lang='lat' dir='ltr'><strong>quod</strong></span> <span class='ocrx_word' id='word_1_155' title='bbox 1615 1871 1699 1934; x_wconf 86' lang='lat' dir='ltr'><strong>est</strong></span> 
     </span>
    </p>
   </div>
   <div class='ocr_carea' id='block_1_23' title="bbox 96 1933 1698 2001">
    <p class='ocr_par' dir='ltr' id='par_1_23' title="bbox 96 1933 1698 2001">
     <span class='ocr_line' id='line_1_23' title="bbox 96 1933 1698 2001; baseline 0 -13"><span class='ocrx_word' id='word_1_156' title='bbox 96 1933 740 2001; x_wconf 61' lang='lat' dir='ltr'><strong>pasSaruthnsolatib,</strong></span> <span class='ocrx_word' id='word_1_157' title='bbox 770 1935 994 1999; x_wconf 78' lang='lat' dir='ltr'><strong>sanitas,</strong></span> <span class='ocrx_word' id='word_1_158' title='bbox 1034 1935 1236 1998; x_wconf 59' lang='lat' dir='ltr'><strong>laetitia,</strong></span> <span class='ocrx_word' id='word_1_159' title='bbox 1271 1935 1394 1987; x_wconf 90' lang='lat' dir='ltr'><strong>nolo</strong></span> <span class='ocrx_word' id='word_1_160' title='bbox 1429 1949 1524 1988; x_wconf 87' lang='lat' dir='ltr'><strong>vos</strong></span> <span class='ocrx_word' id='word_1_161' title='bbox 1546 1975 1562 2000; x_wconf 93' lang='lat'><strong>,</strong></span> <span class='ocrx_word' id='word_1_162' title='bbox 1597 1933 1698 1988; x_wconf 87' lang='lat' dir='ltr'><strong>nisi</strong></span> 
     </span>
    </p>
   </div>
   <div class='ocr_carea' id='block_1_24' title="bbox 105 2004 1698 2074">
    <p class='ocr_par' dir='ltr' id='par_1_24' title="bbox 105 2004 1698 2074">
     <span class='ocr_line' id='line_1_24' title="bbox 105 2004 1698 2074; baseline 0.001 -16"><span class='ocrx_word' id='word_1_163' title='bbox 105 2005 248 2060; x_wconf 69' lang='lat' dir='ltr'><strong>tunc</strong></span> <span class='ocrx_word' id='word_1_164' title='bbox 281 2010 479 2074; x_wconf 75' lang='lat' dir='ltr'><strong>peccati</strong></span> <span class='ocrx_word' id='word_1_165' title='bbox 523 2007 676 2060; x_wconf 77' lang='lat' dir='ltr'><strong>Venia</strong></span> <span class='ocrx_word' id='word_1_166' title='bbox 708 2005 984 2059; x_wconf 85' lang='lat' dir='ltr'><strong>reduxerit</strong></span> <span class='ocrx_word' id='word_1_167' title='bbox 1005 2020 1119 2057; x_wconf 91' lang='lat' dir='ltr'><strong>vos.</strong></span> <span class='ocrx_word' id='word_1_168' title='bbox 1159 2004 1347 2058; x_wconf 84' lang='lat' dir='ltr'><strong>Procul</strong></span> <span class='ocrx_word' id='word_1_169' title='bbox 1375 2012 1546 2058; x_wconf 89' lang='lat' dir='ltr'><strong>estote</strong></span> <span class='ocrx_word' id='word_1_170' title='bbox 1574 2014 1698 2060; x_wconf 90' lang='lat' dir='ltr'><strong>ante</strong></span> 
     </span>
    </p>
   </div>
   <div class='ocr_carea' id='block_1_25' title="bbox 120 2075 1698 2143">
    <p class='ocr_par' dir='ltr' id='par_1_25' title="bbox 120 2075 1698 2143">
     <span class='ocr_line' id='line_1_25' title="bbox 120 2075 1698 2143; baseline 0.001 -15"><span class='ocrx_word' id='word_1_171' title='bbox 120 2087 374 2141; x_wconf 67' lang='lat' dir='ltr'><strong>mortem,</strong></span> <span class='ocrx_word' id='word_1_172' title='bbox 401 2077 496 2130; x_wconf 64' lang='lat' dir='ltr'><strong>nisi</strong></span> <span class='ocrx_word' id='word_1_173' title='bbox 519 2075 653 2130; x_wconf 83' lang='lat' dir='ltr'><strong>forte</strong></span> <span class='ocrx_word' id='word_1_174' title='bbox 683 2075 1014 2143; x_wconf 69' lang='lat' dir='ltr'><strong>indulgentia</strong></span> <span class='ocrx_word' id='word_1_175' title='bbox 1046 2084 1259 2128; x_wconf 76' lang='lat' dir='ltr'><strong>revocet</strong></span> <span class='ocrx_word' id='word_1_176' title='bbox 1294 2090 1391 2129; x_wconf 83' lang='lat' dir='ltr'><strong>vos</strong></span> <span class='ocrx_word' id='word_1_177' title='bbox 1418 2075 1546 2128; x_wconf 90' lang='lat' dir='ltr'><strong>mihi</strong></span> <span class='ocrx_word' id='word_1_178' title='bbox 1573 2084 1698 2130; x_wconf 88' lang='lat' dir='ltr'><strong>ante</strong></span> 
     </span>
    </p>
   </div>
   <div class='ocr_carea' id='block_1_26' title="bbox 131 2143 1698 2214">
    <p class='ocr_par' dir='ltr' id='par_1_26' title="bbox 131 2143 1698 2214">
     <span class='ocr_line' id='line_1_26' title="bbox 131 2143 1698 2214; baseline 0.002 -17"><span class='ocrx_word' id='word_1_179' title='bbox 131 2157 388 2199; x_wconf 58' lang='lat' dir='ltr'><strong>munitm.</strong></span> <span class='ocrx_word' id='word_1_180' title='bbox 421 2146 740 2212; x_wconf 66' lang='lat' dir='ltr'><strong>impossibile</strong></span> <span class='ocrx_word' id='word_1_181' title='bbox 794 2155 877 2200; x_wconf 87' lang='lat' dir='ltr'><strong>est</strong></span> <span class='ocrx_word' id='word_1_182' title='bbox 904 2160 1008 2198; x_wconf 91' lang='lat' dir='ltr'><strong>non</strong></span> <span class='ocrx_word' id='word_1_183' title='bbox 1057 2143 1184 2199; x_wconf 84' lang='lat' dir='ltr'><strong>ﬂere</strong></span> <span class='ocrx_word' id='word_1_184' title='bbox 1216 2155 1545 2214; x_wconf 76' lang='lat' dir='ltr'><strong>peccatorum</strong></span> <span class='ocrx_word' id='word_1_185' title='bbox 1568 2187 1580 2207; x_wconf 91' lang='lat'><strong>,</strong></span> <span class='ocrx_word' id='word_1_186' title='bbox 1613 2146 1698 2200; x_wconf 87' lang='lat' dir='ltr'><strong>vel</strong></span> 
     </span>
    </p>
   </div>
   <div class='ocr_carea' id='block_1_27' title="bbox 134 2216 1695 2284">
    <p class='ocr_par' dir='ltr' id='par_1_27' title="bbox 134 2216 1695 2284">
     <span class='ocr_line' id='line_1_27' title="bbox 134 2216 1695 2284; baseline 0.002 -18"><span class='ocrx_word' id='word_1_187' title='bbox 134 2216 245 2279; x_wconf 71' lang='lat' dir='ltr'><strong>hic,</strong></span> <span class='ocrx_word' id='word_1_188' title='bbox 281 2218 364 2270; x_wconf 74' lang='lat' dir='ltr'><strong>vel</strong></span> <span class='ocrx_word' id='word_1_189' title='bbox 417 2218 468 2270; x_wconf 86' lang='lat' dir='ltr'><strong>in</strong></span> <span class='ocrx_word' id='word_1_190' title='bbox 493 2217 663 2270; x_wconf 75' lang='lat' dir='ltr'><strong>futuro.</strong></span> <span class='ocrx_word' id='word_1_191' title='bbox 716 2217 800 2271; x_wconf 87' lang='lat' dir='ltr'><strong>Sit</strong></span> <span class='ocrx_word' id='word_1_192' title='bbox 845 2218 1022 2283; x_wconf 79' lang='lat' dir='ltr'><strong>itaque</strong></span> <span class='ocrx_word' id='word_1_193' title='bbox 1059 2216 1371 2284; x_wconf 68' lang='lat' dir='ltr'><strong>poenitentia</strong></span> <span class='ocrx_word' id='word_1_194' title='bbox 1401 2217 1651 2270; x_wconf 90' lang='lat' dir='ltr'><strong>continua</strong></span> <span class='ocrx_word' id='word_1_195' title='bbox 1680 2256 1695 2279; x_wconf 88' lang='lat'><strong>,</strong></span> 
     </span>
    </p>
   </div>
   <div class='ocr_carea' id='block_1_28' title="bbox 125 2286 1698 2353">
    <p class='ocr_par' dir='ltr' id='par_1_28' title="bbox 125 2286 1698 2353">
     <span class='ocr_line' id='line_1_28' title="bbox 125 2286 1698 2353; baseline 0.002 -16"><span class='ocrx_word' id='word_1_196' title='bbox 125 2301 314 2340; x_wconf 80' lang='lat' dir='ltr'><strong>amara</strong></span> <span class='ocrx_word' id='word_1_197' title='bbox 331 2303 498 2342; x_wconf 79' lang='lat' dir='ltr'><strong>comes</strong></span> <span class='ocrx_word' id='word_1_198' title='bbox 514 2286 675 2342; x_wconf 67' lang='lat' dir='ltr'><strong>aetatis</strong></span> <span class='ocrx_word' id='word_1_199' title='bbox 697 2303 856 2353; x_wconf 68' lang='lat' dir='ltr'><strong>mete,</strong></span> <span class='ocrx_word' id='word_1_200' title='bbox 882 2288 1166 2341; x_wconf 90' lang='lat' dir='ltr'><strong>continuus</strong></span> <span class='ocrx_word' id='word_1_201' title='bbox 1190 2286 1364 2349; x_wconf 87' lang='lat' dir='ltr'><strong>dolor,</strong></span> <span class='ocrx_word' id='word_1_202' title='bbox 1386 2287 1698 2340; x_wconf 86' lang='lat' dir='ltr'><strong>insatiabilis</strong></span> 
     </span>
    </p>
   </div>
   <div class='ocr_carea' id='block_1_29' title="bbox 122 2357 1697 2413">
    <p class='ocr_par' dir='ltr' id='par_1_29' title="bbox 122 2357 1697 2413">
     <span class='ocr_line' id='line_1_29' title="bbox 122 2357 1697 2413; baseline 0.003 -6"><span class='ocrx_word' id='word_1_203' title='bbox 122 2365 297 2410; x_wconf 81' lang='lat' dir='ltr'><strong>tortor</strong></span> <span class='ocrx_word' id='word_1_204' title='bbox 324 2357 345 2387; x_wconf 88' lang='grc'>³</span> <span class='ocrx_word' id='word_1_205' title='bbox 372 2359 480 2412; x_wconf 77' lang='lat' dir='ltr'><strong>rita.-</strong></span> <span class='ocrx_word' id='word_1_206' title='bbox 504 2374 652 2412; x_wconf 84' lang='lat' dir='ltr'><strong>meae.</strong></span> <span class='ocrx_word' id='word_1_207' title='bbox 685 2358 805 2413; x_wconf 91' lang='lat' dir='ltr'><strong>Sint</strong></span> <span class='ocrx_word' id='word_1_208' title='bbox 835 2371 1034 2412; x_wconf 74' lang='lat' dir='ltr'><strong>mceror</strong></span> <span class='ocrx_word' id='word_1_209' title='bbox 1061 2367 1116 2411; x_wconf 91' lang='lat' dir='ltr'><strong>ct</strong></span> <span class='ocrx_word' id='word_1_210' title='bbox 1158 2357 1384 2410; x_wconf 89' lang='lat' dir='ltr'><strong>acerbus</strong></span> <span class='ocrx_word' id='word_1_211' title='bbox 1413 2358 1583 2411; x_wconf 89' lang='lat' dir='ltr'><strong>luctus</strong></span> <span class='ocrx_word' id='word_1_212' title='bbox 1614 2357 1697 2411; x_wconf 89' lang='lat' dir='ltr'><strong>in-</strong></span> 
     </span>
    </p>
   </div>
   <div class='ocr_carea' id='block_1_30' title="bbox 112 2425 1694 2496">
    <p class='ocr_par' dir='ltr' id='par_1_30' title="bbox 112 2425 1694 2496">
     <span class='ocr_line' id='line_1_30' title="bbox 112 2425 1694 2496; baseline 0.001 -18"><span class='ocrx_word' id='word_1_213' title='bbox 112 2425 406 2496; x_wconf 67' lang='lat' dir='ltr'><strong>tlatigabiles</strong></span> <span class='ocrx_word' id='word_1_214' title='bbox 451 2427 720 2482; x_wconf 70' lang='lat' dir='ltr'><strong>tonores&quot;</strong></span> <span class='ocrx_word' id='word_1_215' title='bbox 759 2428 1052 2496; x_wconf 87' lang='lat' dir='ltr'><strong>juventutis</strong></span> <span class='ocrx_word' id='word_1_216' title='bbox 1099 2437 1152 2481; x_wconf 89' lang='lat' dir='ltr'><strong>et</strong></span> <span class='ocrx_word' id='word_1_217' title='bbox 1209 2429 1498 2482; x_wconf 84' lang='lat' dir='ltr'><strong>senectutis</strong></span> <span class='ocrx_word' id='word_1_218' title='bbox 1541 2443 1694 2481; x_wconf 66' lang='lat' dir='ltr'><strong>more.</strong></span> 
     </span>
    </p>
   </div>
   <div class='ocr_carea' id='block_1_31' title="bbox 112 2496 1698 2561">
    <p class='ocr_par' dir='ltr' id='par_1_31' title="bbox 112 2496 1698 2561">
     <span class='ocr_line' id='line_1_31' title="bbox 112 2496 1698 2561; baseline 0.001 -11"><span class='ocrx_word' id='word_1_219' title='bbox 112 2496 316 2550; x_wconf 84' lang='lat' dir='ltr'><strong>Utinam</strong></span> <span class='ocrx_word' id='word_1_220' title='bbox 351 2499 420 2551; x_wconf 88' lang='lat' dir='ltr'><strong>ita</strong></span> <span class='ocrx_word' id='word_1_221' title='bbox 451 2499 552 2561; x_wconf 88' lang='lat' dir='ltr'><strong>sit;</strong></span> <span class='ocrx_word' id='word_1_222' title='bbox 599 2514 696 2553; x_wconf 86' lang='lat' dir='ltr'><strong>oro</strong></span> <span class='ocrx_word' id='word_1_223' title='bbox 744 2507 800 2552; x_wconf 90' lang='lat' dir='ltr'><strong>et</strong></span> <span class='ocrx_word' id='word_1_224' title='bbox 849 2497 1097 2552; x_wconf 89' lang='lat' dir='ltr'><strong>desidero</strong></span> <span class='ocrx_word' id='word_1_225' title='bbox 1127 2507 1182 2551; x_wconf 90' lang='lat' dir='ltr'><strong>ut</strong></span> <span class='ocrx_word' id='word_1_226' title='bbox 1226 2498 1295 2550; x_wconf 86' lang='lat' dir='ltr'><strong>ita</strong></span> <span class='ocrx_word' id='word_1_227' title='bbox 1340 2498 1426 2551; x_wconf 89' lang='lat' dir='ltr'><strong>sit.</strong></span> <span class='ocrx_word' id='word_1_228' title='bbox 1473 2498 1526 2552; x_wconf 89' lang='lat' dir='ltr'><strong>Si</strong></span> <span class='ocrx_word' id='word_1_229' title='bbox 1557 2501 1698 2552; x_wconf 91' lang='lat' dir='ltr'><strong>enim</strong></span> 
     </span>
    </p>
   </div>
   <div class='ocr_carea' id='block_1_32' title="bbox 107 2568 1698 2637">
    <p class='ocr_par' dir='ltr' id='par_1_32' title="bbox 107 2568 1698 2637">
     <span class='ocr_line' id='line_1_32' title="bbox 107 2568 1698 2637; baseline 0.002 -17"><span class='ocrx_word' id='word_1_230' title='bbox 107 2583 208 2620; x_wconf 81' lang='lat' dir='ltr'><strong>non</strong></span> <span class='ocrx_word' id='word_1_231' title='bbox 239 2584 354 2622; x_wconf 88' lang='lat' dir='ltr'><strong>sum</strong></span> <span class='ocrx_word' id='word_1_232' title='bbox 386 2569 585 2637; x_wconf 75' lang='lat' dir='ltr'><strong>dignus</strong></span> <span class='ocrx_word' id='word_1_233' title='bbox 609 2569 796 2623; x_wconf 92' lang='lat' dir='ltr'><strong>oculos</strong></span> <span class='ocrx_word' id='word_1_234' title='bbox 825 2569 890 2621; x_wconf 89' lang='lat' dir='ltr'><strong>ad</strong></span> <span class='ocrx_word' id='word_1_235' title='bbox 919 2570 1112 2622; x_wconf 66' lang='lat' dir='ltr'><strong>caelum</strong></span> <span class='ocrx_word' id='word_1_236' title='bbox 1154 2569 1330 2623; x_wconf 83' lang='lat' dir='ltr'><strong>levare</strong></span> <span class='ocrx_word' id='word_1_237' title='bbox 1359 2568 1562 2621; x_wconf 91' lang='lat' dir='ltr'><strong>orando</strong></span> <span class='ocrx_word' id='word_1_238' title='bbox 1601 2584 1698 2623; x_wconf 83' lang='lat' dir='ltr'><strong>co-</strong></span> 
     </span>
    </p>
   </div>
   <div class='ocr_carea' id='block_1_33' title="bbox 110 2639 1693 2708">
    <p class='ocr_par' dir='ltr' id='par_1_33' title="bbox 110 2639 1693 2708">
     <span class='ocr_line' id='line_1_33' title="bbox 110 2639 1693 2708; baseline 0.003 -19"><span class='ocrx_word' id='word_1_239' title='bbox 110 2654 215 2690; x_wconf 73' lang='lat' dir='ltr'><strong>ram</strong></span> <span class='ocrx_word' id='word_1_240' title='bbox 245 2647 314 2698; x_wconf 83' lang='lat' dir='ltr'><strong>te,</strong></span> <span class='ocrx_word' id='word_1_241' title='bbox 347 2639 580 2694; x_wconf 88' lang='lat' dir='ltr'><strong>Domine</strong></span> <span class='ocrx_word' id='word_1_242' title='bbox 609 2640 770 2704; x_wconf 90' lang='lat' dir='ltr'><strong>Deus,</strong></span> <span class='ocrx_word' id='word_1_243' title='bbox 805 2649 952 2693; x_wconf 83' lang='lat' dir='ltr'><strong>certe</strong></span> <span class='ocrx_word' id='word_1_244' title='bbox 980 2655 1086 2692; x_wconf 91' lang='lat' dir='ltr'><strong>non</strong></span> <span class='ocrx_word' id='word_1_245' title='bbox 1129 2653 1245 2692; x_wconf 90' lang='lat' dir='ltr'><strong>sum</strong></span> <span class='ocrx_word' id='word_1_246' title='bbox 1279 2639 1525 2708; x_wconf 85' lang='lat' dir='ltr'><strong>indignus</strong></span> <span class='ocrx_word' id='word_1_247' title='bbox 1553 2639 1575 2671; x_wconf 83' lang='grc'>⁸</span> <span class='ocrx_word' id='word_1_248' title='bbox 1599 2653 1693 2693; x_wconf 89' lang='lat' dir='ltr'><strong>eos</strong></span> 
     </span>
    </p>
   </div>
   <div class='ocr_carea' id='block_1_34' title="bbox 109 2708 1698 2779">
    <p class='ocr_par' dir='ltr' id='par_1_34' title="bbox 109 2708 1698 2779">
     <span class='ocr_line' id='line_1_34' title="bbox 109 2708 1698 2779; baseline 0.001 -18"><span class='ocrx_word' id='word_1_249' title='bbox 109 2710 194 2761; x_wconf 68' lang='lat' dir='ltr'><strong>vet</strong></span> <span class='ocrx_word' id='word_1_250' title='bbox 228 2709 492 2779; x_wconf 78' lang='lat' dir='ltr'><strong>plorando</strong></span> <span class='ocrx_word' id='word_1_251' title='bbox 547 2725 774 2765; x_wconf 66' lang='lat' dir='ltr'><strong>cazcare.</strong></span> <span class='ocrx_word' id='word_1_252' title='bbox 816 2710 872 2764; x_wconf 93' lang='lat' dir='ltr'><strong>Si</strong></span> <span class='ocrx_word' id='word_1_253' title='bbox 904 2708 1248 2779; x_wconf 80' lang='lat' dir='ltr'><strong>confunditur</strong></span> <span class='ocrx_word' id='word_1_254' title='bbox 1279 2725 1429 2762; x_wconf 90' lang='lat' dir='ltr'><strong>mens</strong></span> <span class='ocrx_word' id='word_1_255' title='bbox 1458 2724 1572 2763; x_wconf 89' lang='lat' dir='ltr'><strong>mea</strong></span> <span class='ocrx_word' id='word_1_256' title='bbox 1602 2725 1698 2779; x_wconf 83' lang='lat' dir='ltr'><strong>pu-</strong></span> 
     </span>
    </p>
   </div>
   <div class='ocr_carea' id='block_1_35' title="bbox 128 2777 1700 2850">
    <p class='ocr_par' dir='ltr' id='par_1_35' title="bbox 128 2777 1700 2850">
     <span class='ocr_line' id='line_1_35' title="bbox 128 2777 1700 2850; baseline 0.001 -16"><span class='ocrx_word' id='word_1_257' title='bbox 128 2777 608 2850; x_wconf 25' lang='lat' dir='ltr'><strong>dore‘conscientice</strong></span> <span class='ocrx_word' id='word_1_258' title='bbox 629 2821 642 2844; x_wconf 91' lang='lat'><strong>,</strong></span> <span class='ocrx_word' id='word_1_259' title='bbox 676 2796 880 2850; x_wconf 66' lang='lat' dir='ltr'><strong>aequum</strong></span> <span class='ocrx_word' id='word_1_260' title='bbox 921 2789 1002 2834; x_wconf 93' lang='lat' dir='ltr'><strong>est</strong></span> <span class='ocrx_word' id='word_1_261' title='bbox 1024 2788 1079 2834; x_wconf 89' lang='lat' dir='ltr'><strong>ut</strong></span> <span class='ocrx_word' id='word_1_262' title='bbox 1107 2777 1459 2850; x_wconf 81' lang='lat' dir='ltr'><strong>confundatur</strong></span> <span class='ocrx_word' id='word_1_263' title='bbox 1489 2778 1700 2835; x_wconf 87' lang='lat' dir='ltr'><strong>turbine</strong></span> 
     </span>
    </p>
   </div>
   <div class='ocr_carea' id='block_1_36' title="bbox 141 2849 1700 2906">
    <p class='ocr_par' dir='ltr' id='par_1_36' title="bbox 141 2849 1700 2906">
     <span class='ocr_line' id='line_1_36' title="bbox 141 2849 1700 2906; baseline 0.003 -5"><span class='ocrx_word' id='word_1_264' title='bbox 141 2849 319 2905; x_wconf 70' lang='lat' dir='ltr'><strong>lnttmsi</strong></span> <span class='ocrx_word' id='word_1_265' title='bbox 364 2851 580 2904; x_wconf 91' lang='lat' dir='ltr'><strong>doloris</strong></span> <span class='ocrx_word' id='word_1_266' title='bbox 624 2859 680 2904; x_wconf 89' lang='lat' dir='ltr'><strong>et</strong></span> <span class='ocrx_word' id='word_1_267' title='bbox 721 2849 971 2905; x_wconf 65' lang='lat' dir='ltr'><strong>tristitia}.</strong></span> <span class='ocrx_word' id='word_1_268' title='bbox 1027 2851 1083 2904; x_wconf 91' lang='lat' dir='ltr'><strong>Si</strong></span> <span class='ocrx_word' id='word_1_269' title='bbox 1126 2852 1276 2904; x_wconf 87' lang='lat' dir='ltr'><strong>timet</strong></span> <span class='ocrx_word' id='word_1_270' title='bbox 1295 2849 1540 2904; x_wconf 80' lang='lat' dir='ltr'><strong>exhiberi</strong></span> <span class='ocrx_word' id='word_1_271' title='bbox 1575 2859 1700 2906; x_wconf 84' lang='lat' dir='ltr'><strong>ante</strong></span> 
     </span>
    </p>
   </div>
   <div class='ocr_carea' id='block_1_37' title="bbox 140 2919 1700 2989">
    <p class='ocr_par' dir='ltr' id='par_1_37' title="bbox 140 2919 1700 2989">
     <span class='ocr_line' id='line_1_37' title="bbox 140 2919 1700 2989; baseline 0.002 -18"><span class='ocrx_word' id='word_1_272' title='bbox 140 2931 449 2989; x_wconf 62' lang='lat' dir='ltr'><strong>conspectum</strong></span> <span class='ocrx_word' id='word_1_273' title='bbox 509 2921 724 2976; x_wconf 89' lang='lat' dir='ltr'><strong>Domini</strong></span> <span class='ocrx_word' id='word_1_274' title='bbox 781 2921 874 2975; x_wconf 90' lang='lat' dir='ltr'><strong>Dei</strong></span> <span class='ocrx_word' id='word_1_275' title='bbox 920 2921 1022 2986; x_wconf 89' lang='lat' dir='ltr'><strong>sui,</strong></span> <span class='ocrx_word' id='word_1_276' title='bbox 1064 2923 1266 2989; x_wconf 89' lang='lat' dir='ltr'><strong>justum</strong></span> <span class='ocrx_word' id='word_1_277' title='bbox 1295 2927 1378 2974; x_wconf 88' lang='lat' dir='ltr'><strong>est</strong></span> <span class='ocrx_word' id='word_1_278' title='bbox 1426 2930 1480 2973; x_wconf 89' lang='lat' dir='ltr'><strong>ut</strong></span> <span class='ocrx_word' id='word_1_279' title='bbox 1508 2919 1700 2974; x_wconf 84' lang='lat' dir='ltr'><strong>habeat</strong></span> 
     </span>
    </p>
   </div>
   <div class='ocr_carea' id='block_1_38' title="bbox 139 2991 1690 3061">
    <p class='ocr_par' dir='ltr' id='par_1_38' title="bbox 139 2991 1690 3061">
     <span class='ocr_line' id='line_1_38' title="bbox 139 2991 1690 3061; baseline 0.001 -19"><span class='ocrx_word' id='word_1_280' title='bbox 139 3003 229 3044; x_wconf 83' lang='lat' dir='ltr'><strong>ante</strong></span> <span class='ocrx_word' id='word_1_281' title='bbox 247 3000 598 3061; x_wconf 72' lang='lat' dir='ltr'><strong>muspectum</strong></span> <span class='ocrx_word' id='word_1_282' title='bbox 627 3007 782 3045; x_wconf 90' lang='lat' dir='ltr'><strong>suum</strong></span> <span class='ocrx_word' id='word_1_283' title='bbox 817 3000 1080 3045; x_wconf 90' lang='lat' dir='ltr'><strong>tormenta</strong></span> <span class='ocrx_word' id='word_1_284' title='bbox 1119 2991 1337 3045; x_wconf 88' lang='lat' dir='ltr'><strong>sceleris</strong></span> <span class='ocrx_word' id='word_1_285' title='bbox 1357 2991 1466 3061; x_wconf 86' lang='lat' dir='ltr'><strong>sui.</strong></span> <span class='ocrx_word' id='word_1_286' title='bbox 1503 2991 1690 3058; x_wconf 75' lang='lat' dir='ltr'><strong>lteSpi-</strong></span> 
     </span>
    </p>
   </div>
   <div class='ocr_carea' id='block_1_39' title="bbox 138 3060 1695 3134">
    <p class='ocr_par' dir='ltr' id='par_1_39' title="bbox 138 3060 1695 3134">
     <span class='ocr_line' id='line_1_39' title="bbox 138 3060 1695 3134; baseline -0.001 -19"><span class='ocrx_word' id='word_1_287' title='bbox 138 3076 179 3134; x_wconf 72' lang='lat' dir='ltr'><strong>ra</strong></span> <span class='ocrx_word' id='word_1_288' title='bbox 199 3105 211 3121; x_wconf 87' lang='lat'><strong>,</strong></span> <span class='ocrx_word' id='word_1_289' title='bbox 235 3077 262 3115; x_wconf 93' lang='lat' dir='ltr'><strong>o</strong></span> <span class='ocrx_word' id='word_1_290' title='bbox 302 3060 602 3134; x_wconf 83' lang='lat' dir='ltr'><strong>peccator,</strong></span> <span class='ocrx_word' id='word_1_291' title='bbox 632 3063 840 3134; x_wconf 82' lang='lat' dir='ltr'><strong>respira</strong></span> <span class='ocrx_word' id='word_1_292' title='bbox 889 3062 1101 3134; x_wconf 77' lang='lat' dir='ltr'><strong>tandem</strong></span> <span class='ocrx_word' id='word_1_293' title='bbox 1123 3060 1408 3134; x_wconf 85' lang='lat' dir='ltr'><strong>aliquando</strong></span> <span class='ocrx_word' id='word_1_294' title='bbox 1432 3102 1446 3124; x_wconf 93' lang='lat'><strong>,</strong></span> <span class='ocrx_word' id='word_1_295' title='bbox 1488 3069 1540 3114; x_wconf 89' lang='lat' dir='ltr'><strong>et</strong></span> <span class='ocrx_word' id='word_1_296' title='bbox 1576 3062 1695 3134; x_wconf 80' lang='lat' dir='ltr'><strong>fuge</strong></span> 
     </span>
    </p>
   </div>
   <div class='ocr_carea' id='block_1_40' title="bbox 129 3131 1698 3202">
    <p class='ocr_par' dir='ltr' id='par_1_40' title="bbox 129 3131 1698 3202">
     <span class='ocr_line' id='line_1_40' title="bbox 129 3131 1698 3202; baseline 0.002 -19"><span class='ocrx_word' id='word_1_297' title='bbox 129 3131 385 3200; x_wconf 68' lang='lat' dir='ltr'><strong>adipsn&#39;m,</strong></span> <span class='ocrx_word' id='word_1_298' title='bbox 419 3148 582 3202; x_wconf 84' lang='lat' dir='ltr'><strong>quem</strong></span> <span class='ocrx_word' id='word_1_299' title='bbox 634 3131 926 3198; x_wconf 79' lang='lat' dir='ltr'><strong>oti‘endisti,</strong></span> <span class='ocrx_word' id='word_1_300' title='bbox 953 3132 1119 3186; x_wconf 90' lang='lat' dir='ltr'><strong>Deum</strong></span> <span class='ocrx_word' id='word_1_301' title='bbox 1146 3150 1159 3186; x_wconf 87' lang='lat'><strong>:</strong></span> <span class='ocrx_word' id='word_1_302' title='bbox 1194 3132 1337 3202; x_wconf 82' lang='lat' dir='ltr'><strong>fuge,</strong></span> <span class='ocrx_word' id='word_1_303' title='bbox 1368 3132 1602 3200; x_wconf 88' lang='lat' dir='ltr'><strong>inquam,</strong></span> <span class='ocrx_word' id='word_1_304' title='bbox 1631 3131 1698 3186; x_wconf 87' lang='lat' dir='ltr'><strong>ab</strong></span> 
     </span>
    </p>
   </div>
   <div class='ocr_carea' id='block_1_41' title="bbox 122 3203 641 3270">
    <p class='ocr_par' dir='ltr' id='par_1_41' title="bbox 122 3203 641 3270">
     <span class='ocr_line' id='line_1_41' title="bbox 122 3203 641 3270; baseline 0.002 -17"><span class='ocrx_word' id='word_1_305' title='bbox 122 3203 233 3255; x_wconf 78' lang='lat' dir='ltr'><strong>irato</strong></span> <span class='ocrx_word' id='word_1_306' title='bbox 255 3204 316 3254; x_wconf 87' lang='lat' dir='ltr'><strong>ad</strong></span> <span class='ocrx_word' id='word_1_307' title='bbox 350 3205 641 3270; x_wconf 85' lang='lat' dir='ltr'><strong>placatum.</strong></span> 
     </span>
    </p>
   </div>
   <div class='ocr_carea' id='block_1_42' title="bbox 173 3270 1694 3343">
    <p class='ocr_par' dir='ltr' id='par_1_42' title="bbox 173 3270 1694 3343">
     <span class='ocr_line' id='line_1_42' title="bbox 173 3270 1694 3343; baseline 0 -16"><span class='ocrx_word' id='word_1_308' title='bbox 173 3273 394 3330; x_wconf 69' lang='lat' dir='ltr'><strong>CAPUT</strong></span> <span class='ocrx_word' id='word_1_309' title='bbox 453 3273 546 3328; x_wconf 76' lang='lat' dir='ltr'><strong>XI.</strong></span> <span class='ocrx_word' id='word_1_310' title='bbox 580 3271 953 3328; x_wconf 64' lang='lat' dir='ltr'><strong>Misericordia</strong></span> <span class='ocrx_word' id='word_1_311' title='bbox 998 3271 1097 3327; x_wconf 83' lang='lat' dir='ltr'><strong>Dei</strong></span> <span class='ocrx_word' id='word_1_312' title='bbox 1133 3272 1422 3343; x_wconf 77' lang='lat' dir='ltr'><strong>imploratio</strong></span> <span class='ocrx_word' id='word_1_313' title='bbox 1463 3271 1560 3343; x_wconf 75' lang='grc' dir='ltr'><strong>(ὁ).</strong></span> <span class='ocrx_word' id='word_1_314' title='bbox 1584 3270 1694 3327; x_wconf 84' lang='lat' dir='ltr'><strong>Me-</strong></span> 
     </span>
    </p>
   </div>
   <div class='ocr_carea' id='block_1_43' title="bbox 171 3449 680 3509">
    <p class='ocr_par' dir='ltr' id='par_1_43' title="bbox 171 3449 680 3509">
     <span class='ocr_line' id='line_1_43' title="bbox 171 3449 680 3509; baseline -0.004 -11"><span class='ocrx_word' id='word_1_315' title='bbox 171 3452 185 3480; x_wconf 79' lang='grc'><strong>²</strong></span> <span class='ocrx_word' id='word_1_316' title='bbox 220 3451 486 3509; x_wconf 74' lang='lat' dir='ltr'><strong>Anselmus,</strong></span> <span class='ocrx_word' id='word_1_317' title='bbox 514 3449 680 3501; x_wconf 66' lang='lat' dir='ltr'><strong>hctus.</strong></span> 
     </span>
    </p>
   </div>
   <div class='ocr_carea' id='block_1_44' title="bbox 171 3513 742 3576">
    <p class='ocr_par' dir='ltr' id='par_1_44' title="bbox 171 3513 742 3576">
     <span class='ocr_line' id='line_1_44' title="bbox 171 3513 742 3576; baseline -0.002 -15"><span class='ocrx_word' id='word_1_318' title='bbox 171 3515 196 3576; x_wconf 57' lang='grc' dir='ltr'><strong>ξ</strong></span> <span class='ocrx_word' id='word_1_319' title='bbox 358 3513 472 3571; x_wconf 89' lang='lat' dir='ltr'><strong>duo,</strong></span> <span class='ocrx_word' id='word_1_320' title='bbox 495 3518 742 3576; x_wconf 80' lang='lat' dir='ltr'><strong>torquere.</strong></span> 
     </span>
    </p>
   </div>
   <div class='ocr_carea' id='block_1_45' title="bbox 183 3574 560 3628">
    <p class='ocr_par' dir='ltr' id='par_1_45' title="bbox 183 3574 560 3628">
     <span class='ocr_line' id='line_1_45' title="bbox 183 3574 560 3628; baseline 0.013 -10"><span class='ocrx_word' id='word_1_321' title='bbox 183 3574 204 3603; x_wconf 80' lang='grc'>³</span> <span class='ocrx_word' id='word_1_322' title='bbox 239 3574 365 3628; x_wconf 56' lang='grc' dir='ltr'><strong>ὼε,</strong></span> <span class='ocrx_word' id='word_1_323' title='bbox 388 3580 560 3624; x_wconf 73' lang='lat' dir='ltr'><strong>tenor.</strong></span> 
     </span>
    </p>
   </div>
   <div class='ocr_carea' id='block_1_46' title="bbox 180 3632 1422 3744">
    <p class='ocr_par' dir='ltr' id='par_1_46' title="bbox 180 3632 1422 3744">
     <span class='ocr_line' id='line_1_46' title="bbox 185 3632 1422 3744; baseline 0.001 -63"><span class='ocrx_word' id='word_1_324' title='bbox 185 3633 206 3663; x_wconf 68' lang='grc' dir='ltr'><strong>ι</strong></span> <span class='ocrx_word' id='word_1_325' title='bbox 241 3641 315 3681; x_wconf 69' lang='lat' dir='ltr'><strong>us.</strong></span> <span class='ocrx_word' id='word_1_326' title='bbox 349 3639 528 3744; x_wconf 47' lang='lat' dir='ltr'><strong>nifus,</strong></span> <span class='ocrx_word' id='word_1_327' title='bbox 554 3643 788 3686; x_wconf 78' lang='lat' dir='ltr'><strong>terrores.</strong></span> <span class='ocrx_word' id='word_1_328' title='bbox 810 3632 1080 3694; x_wconf 77' lang='lat' dir='ltr'><strong>Anselmus,</strong></span> <span class='ocrx_word' id='word_1_329' title='bbox 1105 3632 1422 3684; x_wconf 75' lang='lat' dir='ltr'><strong>tribulatores.</strong></span> 
     </span>
     <span class='ocr_line' id='line_1_47' title="bbox 180 3695 575 3744; baseline 0.01 -4"><span class='ocrx_word' id='word_1_330' title='bbox 180 3696 205 3726; x_wconf 87' lang='grc'><strong><em>⁸</em></strong></span> <span class='ocrx_word' id='word_1_331' title='bbox 235 3695 371 3744; x_wconf 75' lang='lat' dir='ltr'><strong>Alias.</strong></span> <span class='ocrx_word' id='word_1_332' title='bbox 425 3697 575 3744; x_wconf 77' lang='lat' dir='ltr'><strong>imus.</strong></span> 
     </span>
    </p>
   </div>
   <div class='ocr_carea' id='block_1_47' title="bbox 153 3695 1534 3879">
    <p class='ocr_par' dir='ltr' id='par_1_47' title="bbox 153 3695 1534 3879">
     <span class='ocr_line' id='line_1_48' title="bbox 153 3695 1534 3879; baseline 0.001 -75"><span class='ocrx_word' id='word_1_333' title='bbox 153 3762 157 3764; x_wconf 76' lang='lat'>&#39;</span> <span class='ocrx_word' id='word_1_334' title='bbox 170 3695 600 3879; x_wconf 50' lang='lat' dir='ltr'><strong>{of</strong></span> <span class='ocrx_word' id='word_1_335' title='bbox 624 3758 755 3830; x_wconf 73' lang='lat' dir='ltr'><strong>dicta</strong></span> <span class='ocrx_word' id='word_1_336' title='bbox 778 3764 906 3807; x_wconf 87' lang='lat' dir='ltr'><strong>Orat.</strong></span> <span class='ocrx_word' id='word_1_337' title='bbox 933 3756 1013 3818; x_wconf 82' lang='lat'><strong>69,</strong></span> <span class='ocrx_word' id='word_1_338' title='bbox 1037 3770 1165 3806; x_wconf 89' lang='lat' dir='ltr'><strong>nunc</strong></span> <span class='ocrx_word' id='word_1_339' title='bbox 1183 3757 1342 3831; x_wconf 77' lang='lat' dir='ltr'><strong>tltedit.</strong></span> <span class='ocrx_word' id='word_1_340' title='bbox 1361 3757 1393 3807; x_wconf 99' lang='grc'><strong>5</strong></span> <span class='ocrx_word' id='word_1_341' title='bbox 1417 3765 1468 3806; x_wconf 89' lang='lat' dir='ltr'><strong>et</strong></span> <span class='ocrx_word' id='word_1_342' title='bbox 1488 3755 1534 3828; x_wconf 55' lang='lat'><strong>2.</strong></span> 
     </span>
     <span class='ocr_line' id='line_1_49' title="bbox 194 3819 1529 3879; baseline 0.002 -14"><span class='ocrx_word' id='word_1_343' title='bbox 194 3821 222 3866; x_wconf 74' lang='grc' dir='ltr'><em>ὑ</em></span> <span class='ocrx_word' id='word_1_344' title='bbox 279 3828 467 3869; x_wconf 68' lang='lat' dir='ltr'><strong>lim-511m</strong></span> <span class='ocrx_word' id='word_1_345' title='bbox 509 3835 574 3870; x_wconf 82' lang='lat' dir='ltr'><strong>ex</strong></span> <span class='ocrx_word' id='word_1_346' title='bbox 620 3820 784 3871; x_wconf 75' lang='lat' dir='ltr'><strong>Medtt.</strong></span> <span class='ocrx_word' id='word_1_347' title='bbox 814 3821 873 3879; x_wconf 90' lang='grc'><strong>5,</strong></span> <span class='ocrx_word' id='word_1_348' title='bbox 919 3819 1016 3879; x_wconf 81' lang='grc'><strong>11,</strong></span> <span class='ocrx_word' id='word_1_349' title='bbox 1057 3820 1116 3879; x_wconf 76' lang='grc'><strong>2;</strong></span> <span class='ocrx_word' id='word_1_350' title='bbox 1151 3821 1248 3870; x_wconf 78' lang='lat' dir='ltr'><strong>v1d.</strong></span> <span class='ocrx_word' id='word_1_351' title='bbox 1294 3819 1378 3869; x_wconf 83' lang='lat' dir='ltr'><strong>lib.</strong></span> <span class='ocrx_word' id='word_1_352' title='bbox 1409 3819 1529 3868; x_wconf 78' lang='lat' dir='ltr'><strong>Medi</strong></span> 
     </span>
    </p>
   </div>
   <div class='ocr_carea' id='block_1_48' title="bbox 194 3817 1688 3881">
    <p class='ocr_par' dir='ltr' id='par_1_48' title="bbox 194 3817 1688 3881">
     <span class='ocr_line' id='line_1_50' title="bbox 194 3817 1688 3881; baseline 0.002 -16"><span class='ocrx_word' id='word_1_353' title='bbox 194 3817 244 3879; x_wconf 74' lang='grc' dir='ltr'><strong>ὑ)</strong></span> <span class='ocrx_word' id='word_1_354' title='bbox 279 3828 467 3869; x_wconf 68' lang='lat' dir='ltr'><strong>lim-511m</strong></span> <span class='ocrx_word' id='word_1_355' title='bbox 509 3835 574 3870; x_wconf 82' lang='lat' dir='ltr'><strong>ex</strong></span> <span class='ocrx_word' id='word_1_356' title='bbox 620 3820 784 3871; x_wconf 75' lang='lat' dir='ltr'><strong>Medit.</strong></span> <span class='ocrx_word' id='word_1_357' title='bbox 814 3821 873 3881; x_wconf 88' lang='grc'><strong>5,</strong></span> <span class='ocrx_word' id='word_1_358' title='bbox 919 3817 1016 3881; x_wconf 75' lang='lat' dir='ltr'><strong>ﬂ,</strong></span> <span class='ocrx_word' id='word_1_359' title='bbox 1057 3820 1116 3881; x_wconf 73' lang='lat'><strong>2;</strong></span> <span class='ocrx_word' id='word_1_360' title='bbox 1151 3821 1248 3870; x_wconf 90' lang='lat' dir='ltr'><strong>vid.</strong></span> <span class='ocrx_word' id='word_1_361' title='bbox 1294 3819 1378 3869; x_wconf 89' lang='lat' dir='ltr'><strong>lib.</strong></span> <span class='ocrx_word' id='word_1_362' title='bbox 1409 3819 1569 3869; x_wconf 79' lang='lat' dir='ltr'><strong>Mcdit.</strong></span> <span class='ocrx_word' id='word_1_363' title='bbox 1594 3817 1688 3879; x_wconf 74' lang='lat'><strong>40;</strong></span> 
     </span>
    </p>
   </div>
   <div class='ocr_carea' id='block_1_49' title="bbox 110 3882 561 3933">
    <p class='ocr_par' dir='ltr' id='par_1_49' title="bbox 110 3882 561 3933">
     <span class='ocr_line' id='line_1_51' title="bbox 110 3882 561 3933; baseline 0 -3"><span class='ocrx_word' id='word_1_364' title='bbox 110 3889 229 3931; x_wconf 74' lang='lat' dir='ltr'><strong>(nt.</strong></span> <span class='ocrx_word' id='word_1_365' title='bbox 255 3882 458 3932; x_wconf 74' lang='lat' dir='ltr'><strong>Anselm.</strong></span> <span class='ocrx_word' id='word_1_366' title='bbox 481 3882 561 3933; x_wconf 72' lang='lat'><strong>72.</strong></span> 
     </span>
    </p>
   </div>
   <div class='ocr_carea' id='block_1_50' title="bbox 110 4030 170 4044">
    <p class='ocr_par' dir='ltr' id='par_1_50' title="bbox 110 4030 170 4044">
     <span class='ocr_line' id='line_1_52' title="bbox 110 4030 170 4044; baseline 0.017 -1"><span class='ocrx_word' id='word_1_367' title='bbox 110 4030 170 4044; x_wconf 57' lang='grc' dir='ltr'><strong>,ο</strong></span> 
     </span>
    </p>
   </div>
   <div class='ocr_carea' id='block_1_51' title="bbox 3273 333 3378 394">
    <p class='ocr_par' dir='ltr' id='par_1_51' title="bbox 3273 333 3378 394">
     <span class='ocr_line' id='line_1_53' title="bbox 3273 333 3378 394; baseline -0.019 -1"><span class='ocrx_word' id='word_1_368' title='bbox 3273 333 3378 394; x_wconf 68' lang='lat' dir='ltr'><strong>95d</strong></span> 
     </span>
    </p>
   </div>
   <div class='ocr_carea' id='block_1_52' title="bbox 1804 448 3375 523">
    <p class='ocr_par' dir='ltr' id='par_1_52' title="bbox 1804 448 3375 523">
     <span class='ocr_line' id='line_1_54' title="bbox 1804 448 3375 523; baseline 0.004 -22"><span class='ocrx_word' id='word_1_369' title='bbox 1804 457 2005 514; x_wconf 91' lang='lat' dir='ltr'><strong>mento,</strong></span> <span class='ocrx_word' id='word_1_370' title='bbox 2018 448 2159 516; x_wconf 89' lang='lat' dir='ltr'><strong>juste</strong></span> <span class='ocrx_word' id='word_1_371' title='bbox 2185 459 2237 502; x_wconf 86' lang='lat' dir='ltr'><strong>et</strong></span> <span class='ocrx_word' id='word_1_372' title='bbox 2262 449 2486 519; x_wconf 85' lang='lat' dir='ltr'><strong>benigne</strong></span> <span class='ocrx_word' id='word_1_373' title='bbox 2511 451 2668 523; x_wconf 84' lang='lat' dir='ltr'><strong>Deus,</strong></span> <span class='ocrx_word' id='word_1_374' title='bbox 2698 461 2968 507; x_wconf 88' lang='lat' dir='ltr'><strong>memento</strong></span> <span class='ocrx_word' id='word_1_375' title='bbox 2995 449 3136 523; x_wconf 85' lang='lat' dir='ltr'><strong>quod</strong></span> <span class='ocrx_word' id='word_1_376' title='bbox 3161 450 3375 508; x_wconf 85' lang='lat' dir='ltr'><strong>miseri—</strong></span> 
     </span>
    </p>
   </div>
   <div class='ocr_carea' id='block_1_53' title="bbox 1803 521 3373 646">
    <p class='ocr_par' dir='ltr' id='par_1_53' title="bbox 1803 521 3373 646">
     <span class='ocr_line' id='line_1_55' title="bbox 1803 521 3373 646; baseline 0.004 -73"><span class='ocrx_word' id='word_1_377' title='bbox 1803 533 1924 573; x_wconf 89' lang='lat' dir='ltr'><strong>cors</strong></span> <span class='ocrx_word' id='word_1_378' title='bbox 1957 534 2012 573; x_wconf 88' lang='lat' dir='ltr'><strong>es</strong></span> <span class='ocrx_word' id='word_1_379' title='bbox 2036 529 2090 573; x_wconf 89' lang='lat' dir='ltr'><strong>et</strong></span> <span class='ocrx_word' id='word_1_380' title='bbox 2115 528 2323 573; x_wconf 87' lang='lat' dir='ltr'><strong>creator</strong></span> <span class='ocrx_word' id='word_1_381' title='bbox 2355 535 2522 574; x_wconf 86' lang='lat' dir='ltr'><strong>meus.</strong></span> <span class='ocrx_word' id='word_1_382' title='bbox 2555 522 2609 576; x_wconf 91' lang='lat' dir='ltr'><strong>Si</strong></span> <span class='ocrx_word' id='word_1_383' title='bbox 2627 521 2806 646; x_wconf 43' lang='lat' dir='ltr'><strong>iudex</strong></span> <span class='ocrx_word' id='word_1_384' title='bbox 2832 538 2892 578; x_wconf 89' lang='lat' dir='ltr'><strong>es</strong></span> <span class='ocrx_word' id='word_1_385' title='bbox 2919 523 2984 577; x_wconf 90' lang='lat' dir='ltr'><strong>ad</strong></span> <span class='ocrx_word' id='word_1_386' title='bbox 3014 521 3373 592; x_wconf 49' lang='lat' dir='ltr'><strong>&#39;judicandum</strong></span> 
     </span>
     <span class='ocr_line' id='line_1_56' title="bbox 1803 591 3372 646; baseline 0.002 -3"><span class='ocrx_word' id='word_1_387' title='bbox 1803 604 1953 644; x_wconf 89' lang='lat' dir='ltr'><strong>reum</strong></span> <span class='ocrx_word' id='word_1_388' title='bbox 1986 598 2151 646; x_wconf 88' lang='lat' dir='ltr'><strong>tuum.</strong></span> <span class='ocrx_word' id='word_1_389' title='bbox 2171 605 2230 644; x_wconf 92' lang='lat' dir='ltr'><strong>es</strong></span> <span class='ocrx_word' id='word_1_390' title='bbox 2245 598 2300 645; x_wconf 91' lang='lat' dir='ltr'><strong>et</strong></span> <span class='ocrx_word' id='word_1_391' title='bbox 2329 591 2622 646; x_wconf 89' lang='lat' dir='ltr'><strong>Dominusa</strong></span> <span class='ocrx_word' id='word_1_392' title='bbox 2687 593 2937 646; x_wconf 88' lang='lat' dir='ltr'><strong>tuendum</strong></span> <span class='ocrx_word' id='word_1_393' title='bbox 2966 608 3179 646; x_wconf 83' lang='lat' dir='ltr'><strong>servum</strong></span> <span class='ocrx_word' id='word_1_394' title='bbox 3202 603 3372 646; x_wconf 90' lang='lat' dir='ltr'><strong>tuum.</strong></span> 
     </span>
    </p>
   </div>
   <div class='ocr_carea' id='block_1_54' title="bbox 1803 591 3372 660">
    <p class='ocr_par' dir='ltr' id='par_1_54' title="bbox 1803 591 3372 660">
     <span class='ocr_line' id='line_1_57' title="bbox 1803 591 3372 660; baseline 0.003 -17"><span class='ocrx_word' id='word_1_395' title='bbox 1803 604 1953 644; x_wconf 89' lang='lat' dir='ltr'><strong>reum</strong></span> <span class='ocrx_word' id='word_1_396' title='bbox 1986 598 2151 654; x_wconf 89' lang='lat' dir='ltr'><strong>tuum,</strong></span> <span class='ocrx_word' id='word_1_397' title='bbox 2171 605 2230 644; x_wconf 92' lang='lat' dir='ltr'><strong>es</strong></span> <span class='ocrx_word' id='word_1_398' title='bbox 2245 598 2300 645; x_wconf 91' lang='lat' dir='ltr'><strong>et</strong></span> <span class='ocrx_word' id='word_1_399' title='bbox 2329 591 2580 646; x_wconf 89' lang='lat' dir='ltr'><strong>Dominus</strong></span> <span class='ocrx_word' id='word_1_400' title='bbox 2595 591 2658 646; x_wconf 88' lang='lat' dir='ltr'><strong>ad</strong></span> <span class='ocrx_word' id='word_1_401' title='bbox 2687 593 2937 649; x_wconf 88' lang='lat' dir='ltr'><strong>tuendum</strong></span> <span class='ocrx_word' id='word_1_402' title='bbox 2966 591 3179 650; x_wconf 84' lang='lat' dir='ltr'><strong>servum</strong></span> <span class='ocrx_word' id='word_1_403' title='bbox 3202 603 3372 660; x_wconf 87' lang='lat' dir='ltr'><strong>tuum,</strong></span> 
     </span>
    </p>
   </div>
   <div class='ocr_carea' id='block_1_55' title="bbox 1802 661 3373 734">
    <p class='ocr_par' dir='ltr' id='par_1_55' title="bbox 1802 661 3373 734">
     <span class='ocr_line' id='line_1_58' title="bbox 1802 661 3373 734; baseline 0.004 -20"><span class='ocrx_word' id='word_1_404' title='bbox 1802 674 1862 734; x_wconf 74' lang='lat' dir='ltr'><strong>es</strong></span> <span class='ocrx_word' id='word_1_405' title='bbox 1905 670 1959 714; x_wconf 92' lang='lat' dir='ltr'><strong>et</strong></span> <span class='ocrx_word' id='word_1_406' title='bbox 2001 669 2210 734; x_wconf 82' lang='lat' dir='ltr'><strong>creator</strong></span> <span class='ocrx_word' id='word_1_407' title='bbox 2255 661 2320 734; x_wconf 76' lang='lat' dir='ltr'><strong>ad</strong></span> <span class='ocrx_word' id='word_1_408' title='bbox 2359 663 2777 734; x_wconf 82' lang='lat' dir='ltr'><strong>conservandum</strong></span> <span class='ocrx_word' id='word_1_409' title='bbox 2825 679 2958 734; x_wconf 91' lang='lat' dir='ltr'><strong>opus</strong></span> <span class='ocrx_word' id='word_1_410' title='bbox 3013 674 3158 719; x_wconf 91' lang='lat' dir='ltr'><strong>tuum</strong></span> <span class='ocrx_word' id='word_1_411' title='bbox 3184 705 3198 728; x_wconf 90' lang='lat'><strong>,</strong></span> <span class='ocrx_word' id='word_1_412' title='bbox 3228 678 3290 720; x_wconf 89' lang='lat' dir='ltr'><strong>es</strong></span> <span class='ocrx_word' id='word_1_413' title='bbox 3316 673 3373 720; x_wconf 88' lang='lat' dir='ltr'><strong>et</strong></span> 
     </span>
    </p>
   </div>
   <div class='ocr_carea' id='block_1_56' title="bbox 1802 729 3376 803">
    <p class='ocr_par' dir='ltr' id='par_1_56' title="bbox 1802 729 3376 803">
     <span class='ocr_line' id='line_1_59' title="bbox 1802 729 3376 803; baseline 0.003 -18"><span class='ocrx_word' id='word_1_414' title='bbox 1802 729 1944 803; x_wconf 71' lang='lat' dir='ltr'><strong>Deus</strong></span> <span class='ocrx_word' id='word_1_415' title='bbox 1969 731 2034 784; x_wconf 88' lang='lat' dir='ltr'><strong>ad</strong></span> <span class='ocrx_word' id='word_1_416' title='bbox 2066 731 2373 784; x_wconf 86' lang='lat' dir='ltr'><strong>salvandum</strong></span> <span class='ocrx_word' id='word_1_417' title='bbox 2415 732 2719 788; x_wconf 87' lang='lat' dir='ltr'><strong>credentem</strong></span> <span class='ocrx_word' id='word_1_418' title='bbox 2747 743 2801 789; x_wconf 89' lang='lat' dir='ltr'><strong>et</strong></span> <span class='ocrx_word' id='word_1_419' title='bbox 2826 729 3146 803; x_wconf 75' lang='lat' dir='ltr'><strong>baptizatum</strong></span> <span class='ocrx_word' id='word_1_420' title='bbox 3175 744 3320 790; x_wconf 91' lang='lat' dir='ltr'><strong>tuum</strong></span> <span class='ocrx_word' id='word_1_421' title='bbox 3349 736 3376 790; x_wconf 76' lang='grc' dir='ltr'><em>Ὶ</em></span> 
     </span>
    </p>
   </div>
   <div class='ocr_carea' id='block_1_57' title="bbox 1801 799 3370 874">
    <p class='ocr_par' dir='ltr' id='par_1_57' title="bbox 1801 799 3370 874">
     <span class='ocr_line' id='line_1_60' title="bbox 1801 799 3370 874; baseline 0.005 -20"><span class='ocrx_word' id='word_1_422' title='bbox 1801 799 1879 874; x_wconf 80' lang='lat' dir='ltr'><strong>Ne</strong></span> <span class='ocrx_word' id='word_1_423' title='bbox 1909 816 2035 870; x_wconf 79' lang='lat' dir='ltr'><strong>ergo</strong></span> <span class='ocrx_word' id='word_1_424' title='bbox 2066 803 2388 865; x_wconf 89' lang='lat' dir='ltr'><strong>memineris,</strong></span> <span class='ocrx_word' id='word_1_425' title='bbox 2419 803 2639 859; x_wconf 85' lang='lat' dir='ltr'><strong>Domine</strong></span> <span class='ocrx_word' id='word_1_426' title='bbox 2663 806 2819 870; x_wconf 91' lang='lat' dir='ltr'><strong>boue,</strong></span> <span class='ocrx_word' id='word_1_427' title='bbox 2848 799 3184 874; x_wconf 68' lang='lat' dir='ltr'><strong>justitiaetua:</strong></span> <span class='ocrx_word' id='word_1_428' title='bbox 3203 807 3370 862; x_wconf 87' lang='lat' dir='ltr'><strong>solius</strong></span> 
     </span>
    </p>
   </div>
   <div class='ocr_carea' id='block_1_58' title="bbox 1801 871 3368 940">
    <p class='ocr_par' dir='ltr' id='par_1_58' title="bbox 1801 871 3368 940">
     <span class='ocr_line' id='line_1_61' title="bbox 1801 871 3368 940; baseline 0.005 -18"><span class='ocrx_word' id='word_1_429' title='bbox 1801 871 2057 926; x_wconf 88' lang='lat' dir='ltr'><strong>adversus</strong></span> <span class='ocrx_word' id='word_1_430' title='bbox 2089 882 2420 940; x_wconf 89' lang='lat' dir='ltr'><strong>peccatorem</strong></span> <span class='ocrx_word' id='word_1_431' title='bbox 2467 882 2644 940; x_wconf 91' lang='lat' dir='ltr'><strong>tuum;</strong></span> <span class='ocrx_word' id='word_1_432' title='bbox 2683 875 2776 930; x_wconf 90' lang='lat' dir='ltr'><strong>sed</strong></span> <span class='ocrx_word' id='word_1_433' title='bbox 2825 871 3030 930; x_wconf 86' lang='lat' dir='ltr'><strong>memor</strong></span> <span class='ocrx_word' id='word_1_434' title='bbox 3056 885 3171 931; x_wconf 89' lang='lat' dir='ltr'><strong>esto</strong></span> <span class='ocrx_word' id='word_1_435' title='bbox 3214 877 3368 931; x_wconf 86' lang='lat' dir='ltr'><strong>beni-</strong></span> 
     </span>
    </p>
   </div>
   <div class='ocr_carea' id='block_1_59' title="bbox 1800 942 3371 1014">
    <p class='ocr_par' dir='ltr' id='par_1_59' title="bbox 1800 942 3371 1014">
     <span class='ocr_line' id='line_1_62' title="bbox 1800 942 3371 1014; baseline 0.004 -20"><span class='ocrx_word' id='word_1_436' title='bbox 1800 942 2014 1010; x_wconf 82' lang='lat' dir='ltr'><strong>gnitatis</strong></span> <span class='ocrx_word' id='word_1_437' title='bbox 2055 950 2157 1014; x_wconf 71' lang='lat' dir='ltr'><strong>tum</strong></span> <span class='ocrx_word' id='word_1_438' title='bbox 2200 959 2323 1014; x_wconf 91' lang='lat' dir='ltr'><strong>erga</strong></span> <span class='ocrx_word' id='word_1_439' title='bbox 2375 953 2670 999; x_wconf 87' lang='lat' dir='ltr'><strong>creaturam</strong></span> <span class='ocrx_word' id='word_1_440' title='bbox 2726 955 2890 1000; x_wconf 87' lang='lat' dir='ltr'><strong>tuam.</strong></span> <span class='ocrx_word' id='word_1_441' title='bbox 2939 945 3014 1000; x_wconf 85' lang='lat' dir='ltr'><strong>Ne</strong></span> <span class='ocrx_word' id='word_1_442' title='bbox 3065 947 3371 1002; x_wconf 88' lang='lat' dir='ltr'><strong>memineris</strong></span> 
     </span>
    </p>
   </div>
   <div class='ocr_carea' id='block_1_60' title="bbox 1801 1013 3373 1082">
    <p class='ocr_par' dir='ltr' id='par_1_60' title="bbox 1801 1013 3373 1082">
     <span class='ocr_line' id='line_1_63' title="bbox 1801 1013 3373 1082; baseline 0.004 -17"><span class='ocrx_word' id='word_1_443' title='bbox 1801 1013 1894 1066; x_wconf 76' lang='lat' dir='ltr'><strong>irae</strong></span> <span class='ocrx_word' id='word_1_444' title='bbox 1919 1021 2018 1066; x_wconf 72' lang='lat' dir='ltr'><strong>tua:</strong></span> <span class='ocrx_word' id='word_1_445' title='bbox 2047 1013 2302 1070; x_wconf 87' lang='lat' dir='ltr'><strong>adversus</strong></span> <span class='ocrx_word' id='word_1_446' title='bbox 2331 1031 2480 1069; x_wconf 89' lang='lat' dir='ltr'><strong>reum</strong></span> <span class='ocrx_word' id='word_1_447' title='bbox 2505 1035 2520 1082; x_wconf 89' lang='lat'><strong>;</strong></span> <span class='ocrx_word' id='word_1_448' title='bbox 2549 1015 2642 1070; x_wconf 91' lang='lat' dir='ltr'><strong>sed</strong></span> <span class='ocrx_word' id='word_1_449' title='bbox 2671 1032 2874 1071; x_wconf 90' lang='lat' dir='ltr'><strong>memor</strong></span> <span class='ocrx_word' id='word_1_450' title='bbox 2919 1025 3035 1071; x_wconf 87' lang='lat' dir='ltr'><strong>esto</strong></span> <span class='ocrx_word' id='word_1_451' title='bbox 3078 1017 3373 1072; x_wconf 83' lang='lat' dir='ltr'><strong>miseratio-</strong></span> 
     </span>
    </p>
   </div>
   <div class='ocr_carea' id='block_1_61' title="bbox 1803 1082 3474 1158">
    <p class='ocr_par' dir='ltr' id='par_1_61' title="bbox 1803 1082 3474 1158">
     <span class='ocr_line' id='line_1_64' title="bbox 1803 1082 3474 1158; baseline 0.004 -23"><span class='ocrx_word' id='word_1_452' title='bbox 1803 1082 1886 1158; x_wconf 81' lang='lat' dir='ltr'><strong>nis</strong></span> <span class='ocrx_word' id='word_1_453' title='bbox 1934 1090 2036 1137; x_wconf 67' lang='lat' dir='ltr'><strong>tum</strong></span> <span class='ocrx_word' id='word_1_454' title='bbox 2083 1084 2334 1139; x_wconf 88' lang='lat' dir='ltr'><strong>adversus</strong></span> <span class='ocrx_word' id='word_1_455' title='bbox 2366 1086 2635 1158; x_wconf 85' lang='lat' dir='ltr'><strong>miserum.</strong></span> <span class='ocrx_word' id='word_1_456' title='bbox 2678 1086 2800 1142; x_wconf 89' lang='lat' dir='ltr'><strong>Scio</strong></span> <span class='ocrx_word' id='word_1_457' title='bbox 2847 1086 3056 1158; x_wconf 92' lang='lat' dir='ltr'><strong>quidem</strong></span> <span class='ocrx_word' id='word_1_458' title='bbox 3107 1098 3162 1142; x_wconf 90' lang='lat' dir='ltr'><strong>et</strong></span> <span class='ocrx_word' id='word_1_459' title='bbox 3180 1087 3372 1154; x_wconf 82' lang='lat' dir='ltr'><strong>fateor,</strong></span> <span class='ocrx_word' id='word_1_460' title='bbox 3466 1096 3474 1158; x_wconf 70' lang='grc' dir='ltr'>ζ</span> 
     </span>
    </p>
   </div>
   <div class='ocr_carea' id='block_1_62' title="bbox 1801 1154 3364 1226">
    <p class='ocr_par' dir='ltr' id='par_1_62' title="bbox 1801 1154 3364 1226">
     <span class='ocr_line' id='line_1_65' title="bbox 1801 1154 3364 1226; baseline 0.004 -21"><span class='ocrx_word' id='word_1_461' title='bbox 1801 1154 1922 1226; x_wconf 83' lang='lat' dir='ltr'><strong>quia</strong></span> <span class='ocrx_word' id='word_1_462' title='bbox 1953 1167 2133 1208; x_wconf 89' lang='lat' dir='ltr'><strong>verum</strong></span> <span class='ocrx_word' id='word_1_463' title='bbox 2155 1163 2256 1220; x_wconf 87' lang='lat' dir='ltr'><strong>est,</strong></span> <span class='ocrx_word' id='word_1_464' title='bbox 2294 1157 2432 1226; x_wconf 89' lang='lat' dir='ltr'><strong>quod</strong></span> <span class='ocrx_word' id='word_1_465' title='bbox 2457 1158 2780 1214; x_wconf 88' lang='lat' dir='ltr'><strong>conscientia</strong></span> <span class='ocrx_word' id='word_1_466' title='bbox 2809 1154 2928 1213; x_wconf 80' lang='lat' dir='ltr'><strong>mea</strong></span> <span class='ocrx_word' id='word_1_467' title='bbox 2951 1166 3186 1214; x_wconf 89' lang='lat' dir='ltr'><strong>meretur</strong></span> <span class='ocrx_word' id='word_1_468' title='bbox 3208 1159 3364 1212; x_wconf 89' lang='lat' dir='ltr'><strong>dam-</strong></span> 
     </span>
    </p>
   </div>
   <div class='ocr_carea' id='block_1_63' title="bbox 1803 1224 3368 1294">
    <p class='ocr_par' dir='ltr' id='par_1_63' title="bbox 1803 1224 3368 1294">
     <span class='ocr_line' id='line_1_66' title="bbox 1803 1224 3368 1294; baseline 0.004 -19"><span class='ocrx_word' id='word_1_469' title='bbox 1803 1224 2096 1287; x_wconf 85' lang='lat' dir='ltr'><strong>nationem,</strong></span> <span class='ocrx_word' id='word_1_470' title='bbox 2123 1233 2180 1280; x_wconf 90' lang='lat' dir='ltr'><strong>et</strong></span> <span class='ocrx_word' id='word_1_471' title='bbox 2207 1224 2515 1294; x_wconf 75' lang='lat' dir='ltr'><strong>poenitentia</strong></span> <span class='ocrx_word' id='word_1_472' title='bbox 2546 1243 2663 1282; x_wconf 90' lang='lat' dir='ltr'><strong>mea</strong></span> <span class='ocrx_word' id='word_1_473' title='bbox 2692 1244 2800 1284; x_wconf 91' lang='lat' dir='ltr'><strong>non</strong></span> <span class='ocrx_word' id='word_1_474' title='bbox 2836 1227 3035 1283; x_wconf 81' lang='lat' dir='ltr'><strong>sufﬁcit</strong></span> <span class='ocrx_word' id='word_1_475' title='bbox 3062 1229 3128 1282; x_wconf 87' lang='lat' dir='ltr'><strong>ad</strong></span> <span class='ocrx_word' id='word_1_476' title='bbox 3159 1228 3368 1282; x_wconf 79' lang='lat' dir='ltr'><strong>satisfa-</strong></span> 
     </span>
    </p>
   </div>
   <div class='ocr_carea' id='block_1_64' title="bbox 1801 1296 3369 1369">
    <p class='ocr_par' dir='ltr' id='par_1_64' title="bbox 1801 1296 3369 1369">
     <span class='ocr_line' id='line_1_67' title="bbox 1801 1296 3369 1369; baseline 0.004 -21"><span class='ocrx_word' id='word_1_477' title='bbox 1801 1296 2056 1369; x_wconf 85' lang='lat' dir='ltr'><strong>ctionem.</strong></span> <span class='ocrx_word' id='word_1_478' title='bbox 2084 1296 2249 1369; x_wconf 74' lang='lat' dir='ltr'><strong>Parce</strong></span> <span class='ocrx_word' id='word_1_479' title='bbox 2272 1313 2416 1368; x_wconf 87' lang='lat' dir='ltr'><strong>ergo,</strong></span> <span class='ocrx_word' id='word_1_480' title='bbox 2457 1308 2532 1366; x_wconf 89' lang='lat' dir='ltr'><strong>tu,</strong></span> <span class='ocrx_word' id='word_1_481' title='bbox 2559 1299 2696 1353; x_wconf 89' lang='lat' dir='ltr'><strong>bone</strong></span> <span class='ocrx_word' id='word_1_482' title='bbox 2727 1301 2969 1369; x_wconf 83' lang='lat' dir='ltr'><strong>Domine.</strong></span> <span class='ocrx_word' id='word_1_483' title='bbox 3001 1299 3091 1369; x_wconf 92' lang='lat' dir='ltr'><strong>qui</strong></span> <span class='ocrx_word' id='word_1_484' title='bbox 3117 1314 3175 1354; x_wconf 92' lang='lat' dir='ltr'><strong>es</strong></span> <span class='ocrx_word' id='word_1_485' title='bbox 3201 1300 3369 1366; x_wconf 87' lang='lat' dir='ltr'><strong>salus,</strong></span> 
     </span>
    </p>
   </div>
   <div class='ocr_carea' id='block_1_65' title="bbox 1801 1365 3371 1441">
    <p class='ocr_par' dir='ltr' id='par_1_65' title="bbox 1801 1365 3371 1441">
     <span class='ocr_line' id='line_1_68' title="bbox 1801 1365 3371 1441; baseline 0.006 -25"><span class='ocrx_word' id='word_1_486' title='bbox 1801 1365 1890 1434; x_wconf 90' lang='lat' dir='ltr'><strong>qui</strong></span> <span class='ocrx_word' id='word_1_487' title='bbox 1923 1379 2027 1419; x_wconf 92' lang='lat' dir='ltr'><strong>non</strong></span> <span class='ocrx_word' id='word_1_488' title='bbox 2052 1366 2131 1420; x_wconf 92' lang='lat' dir='ltr'><strong>vis</strong></span> <span class='ocrx_word' id='word_1_489' title='bbox 2171 1365 2394 1441; x_wconf 76' lang='lat' dir='ltr'><strong>mortem</strong></span> <span class='ocrx_word' id='word_1_490' title='bbox 2438 1365 2731 1438; x_wconf 85' lang='lat' dir='ltr'><strong>peccatoris</strong></span> <span class='ocrx_word' id='word_1_491' title='bbox 2757 1370 2775 1440; x_wconf 95' lang='lat'>(</span> <span class='ocrx_word' id='word_1_492' title='bbox 2803 1368 2988 1424; x_wconf 76' lang='lat' dir='ltr'><strong>Ezech.</strong></span> <span class='ocrx_word' id='word_1_493' title='bbox 3013 1365 3204 1436; x_wconf 70' lang='lat' dir='ltr'><strong>ixxm,</strong></span> <span class='ocrx_word' id='word_1_494' title='bbox 3240 1370 3300 1426; x_wconf 77' lang='lat' dir='ltr'><strong>lt</strong></span> <span class='ocrx_word' id='word_1_495' title='bbox 3328 1365 3371 1441; x_wconf 80' lang='lat'><strong>),</strong></span> 
     </span>
    </p>
   </div>
   <div class='ocr_carea' id='block_1_66' title="bbox 1801 1437 3369 1511">
    <p class='ocr_par' dir='ltr' id='par_1_66' title="bbox 1801 1437 3369 1511">
     <span class='ocr_line' id='line_1_69' title="bbox 1801 1437 3369 1511; baseline 0.005 -22"><span class='ocrx_word' id='word_1_496' title='bbox 1801 1449 1959 1504; x_wconf 89' lang='lat' dir='ltr'><strong>parce</strong></span> <span class='ocrx_word' id='word_1_497' title='bbox 1985 1437 2261 1511; x_wconf 80' lang='lat' dir='ltr'><strong>peccatrici</strong></span> <span class='ocrx_word' id='word_1_498' title='bbox 2294 1437 2482 1511; x_wconf 68' lang='lat' dir='ltr'><strong>animte</strong></span> <span class='ocrx_word' id='word_1_499' title='bbox 2513 1455 2664 1506; x_wconf 66' lang='lat' dir='ltr'><strong>mete,</strong></span> <span class='ocrx_word' id='word_1_500' title='bbox 2700 1437 2860 1496; x_wconf 84' lang='lat' dir='ltr'><strong>Deus.</strong></span> <span class='ocrx_word' id='word_1_501' title='bbox 2885 1442 2940 1496; x_wconf 93' lang='lat' dir='ltr'><strong>ln</strong></span> <span class='ocrx_word' id='word_1_502' title='bbox 2973 1449 3030 1511; x_wconf 87' lang='lat' dir='ltr'><strong>te</strong></span> <span class='ocrx_word' id='word_1_503' title='bbox 3051 1456 3189 1510; x_wconf 89' lang='lat' dir='ltr'><strong>pono</strong></span> <span class='ocrx_word' id='word_1_504' title='bbox 3217 1437 3369 1511; x_wconf 83' lang='lat' dir='ltr'><strong>spem</strong></span> 
     </span>
    </p>
   </div>
   <div class='ocr_carea' id='block_1_67' title="bbox 1801 1509 3368 1570">
    <p class='ocr_par' dir='ltr' id='par_1_67' title="bbox 1801 1509 3368 1570">
     <span class='ocr_line' id='line_1_70' title="bbox 1801 1509 3368 1570; baseline 0.004 -11"><span class='ocrx_word' id='word_1_505' title='bbox 1801 1521 1996 1570; x_wconf 88' lang='lat' dir='ltr'><strong>meam,</strong></span> <span class='ocrx_word' id='word_1_506' title='bbox 2028 1518 2082 1562; x_wconf 91' lang='lat' dir='ltr'><strong>et</strong></span> <span class='ocrx_word' id='word_1_507' title='bbox 2109 1509 2198 1564; x_wconf 91' lang='lat' dir='ltr'><strong>tibi</strong></span> <span class='ocrx_word' id='word_1_508' title='bbox 2225 1510 2500 1565; x_wconf 90' lang='lat' dir='ltr'><strong>committo</strong></span> <span class='ocrx_word' id='word_1_509' title='bbox 2523 1510 2755 1565; x_wconf 89' lang='lat' dir='ltr'><strong>animam</strong></span> <span class='ocrx_word' id='word_1_510' title='bbox 2781 1527 2977 1567; x_wconf 87' lang='lat' dir='ltr'><strong>meam.</strong></span> <span class='ocrx_word' id='word_1_511' title='bbox 3005 1509 3224 1567; x_wconf 75' lang='lat' dir='ltr'><strong>custodi</strong></span> <span class='ocrx_word' id='word_1_512' title='bbox 3248 1509 3368 1566; x_wconf 84' lang='lat' dir='ltr'><strong>eam</strong></span> 
     </span>
    </p>
   </div>
   <div class='ocr_carea' id='block_1_68' title="bbox 1800 1575 3376 1648">
    <p class='ocr_par' dir='ltr' id='par_1_68' title="bbox 1800 1575 3376 1648">
     <span class='ocr_line' id='line_1_71' title="bbox 1800 1575 3376 1648; baseline 0.004 -18"><span class='ocrx_word' id='word_1_513' title='bbox 1800 1575 1926 1630; x_wconf 91' lang='lat' dir='ltr'><strong>dum</strong></span> <span class='ocrx_word' id='word_1_514' title='bbox 1955 1579 2167 1634; x_wconf 87' lang='lat' dir='ltr'><strong>dormio</strong></span> <span class='ocrx_word' id='word_1_515' title='bbox 2191 1620 2204 1644; x_wconf 92' lang='lat'><strong>,</strong></span> <span class='ocrx_word' id='word_1_516' title='bbox 2250 1593 2401 1635; x_wconf 89' lang='lat' dir='ltr'><strong>serva</strong></span> <span class='ocrx_word' id='word_1_517' title='bbox 2435 1596 2553 1635; x_wconf 90' lang='lat' dir='ltr'><strong>eam</strong></span> <span class='ocrx_word' id='word_1_518' title='bbox 2595 1580 2721 1635; x_wconf 91' lang='lat' dir='ltr'><strong>dum</strong></span> <span class='ocrx_word' id='word_1_519' title='bbox 2768 1582 2908 1636; x_wconf 86' lang='lat' dir='ltr'><strong>aliud</strong></span> <span class='ocrx_word' id='word_1_520' title='bbox 2960 1583 3093 1638; x_wconf 81' lang='lat' dir='ltr'><strong>facio</strong></span> <span class='ocrx_word' id='word_1_521' title='bbox 3117 1623 3132 1648; x_wconf 86' lang='lat'><strong>,</strong></span> <span class='ocrx_word' id='word_1_522' title='bbox 3163 1591 3220 1638; x_wconf 90' lang='lat' dir='ltr'><strong>et</strong></span> <span class='ocrx_word' id='word_1_523' title='bbox 3255 1582 3376 1637; x_wconf 87' lang='lat' dir='ltr'><strong>vide</strong></span> 
     </span>
    </p>
   </div>
   <div class='ocr_carea' id='block_1_69' title="bbox 1801 1650 3375 1723">
    <p class='ocr_par' dir='ltr' id='par_1_69' title="bbox 1801 1650 3375 1723">
     <span class='ocr_line' id='line_1_72' title="bbox 1801 1650 3375 1723; baseline 0.006 -23"><span class='ocrx_word' id='word_1_524' title='bbox 1801 1661 1955 1714; x_wconf 88' lang='lat' dir='ltr'><strong>eam;</strong></span> <span class='ocrx_word' id='word_1_525' title='bbox 1984 1651 2253 1723; x_wconf 84' lang='lat' dir='ltr'><strong>memento</strong></span> <span class='ocrx_word' id='word_1_526' title='bbox 2282 1650 2397 1719; x_wconf 86' lang='lat' dir='ltr'><strong>ejus</strong></span> <span class='ocrx_word' id='word_1_527' title='bbox 2435 1651 2558 1723; x_wconf 87' lang='lat' dir='ltr'><strong>dum</strong></span> <span class='ocrx_word' id='word_1_528' title='bbox 2603 1665 2703 1723; x_wconf 89' lang='lat' dir='ltr'><strong>ego</strong></span> <span class='ocrx_word' id='word_1_529' title='bbox 2743 1653 3045 1706; x_wconf 91' lang='lat' dir='ltr'><strong>obliviscor.</strong></span> <span class='ocrx_word' id='word_1_530' title='bbox 3089 1651 3217 1708; x_wconf 90' lang='lat' dir='ltr'><strong>Sum</strong></span> <span class='ocrx_word' id='word_1_531' title='bbox 3247 1667 3375 1722; x_wconf 84' lang='lat' dir='ltr'><strong>pec-</strong></span> 
     </span>
    </p>
   </div>
   <div class='ocr_carea' id='block_1_70' title="bbox 1801 1721 3372 1794">
    <p class='ocr_par' dir='ltr' id='par_1_70' title="bbox 1801 1721 3372 1794">
     <span class='ocr_line' id='line_1_73' title="bbox 1801 1721 3372 1794; baseline 0.004 -22"><span class='ocrx_word' id='word_1_532' title='bbox 1801 1727 1969 1786; x_wconf 88' lang='lat' dir='ltr'><strong>cator,</strong></span> <span class='ocrx_word' id='word_1_533' title='bbox 2001 1735 2117 1794; x_wconf 86' lang='lat' dir='ltr'><strong>sum</strong></span> <span class='ocrx_word' id='word_1_534' title='bbox 2147 1721 2310 1775; x_wconf 90' lang='lat' dir='ltr'><strong>miser</strong></span> <span class='ocrx_word' id='word_1_535' title='bbox 2329 1722 2466 1794; x_wconf 75' lang='lat' dir='ltr'><strong>;_sed</strong></span> <span class='ocrx_word' id='word_1_536' title='bbox 2490 1721 2746 1794; x_wconf 80' lang='lat' dir='ltr'><strong>peccasse</strong></span> <span class='ocrx_word' id='word_1_537' title='bbox 2774 1738 2858 1776; x_wconf 91' lang='lat' dir='ltr'><strong>me</strong></span> <span class='ocrx_word' id='word_1_538' title='bbox 2884 1723 3062 1790; x_wconf 90' lang='lat' dir='ltr'><strong>doleo,</strong></span> <span class='ocrx_word' id='word_1_539' title='bbox 3092 1733 3146 1779; x_wconf 91' lang='lat' dir='ltr'><strong>et</strong></span> <span class='ocrx_word' id='word_1_540' title='bbox 3169 1721 3372 1794; x_wconf 85' lang='lat' dir='ltr'><strong>cogno-</strong></span> 
     </span>
    </p>
   </div>
   <div class='ocr_carea' id='block_1_71' title="bbox 1801 1791 3372 1858">
    <p class='ocr_par' dir='ltr' id='par_1_71' title="bbox 1801 1791 3372 1858">
     <span class='ocr_line' id='line_1_74' title="bbox 1801 1791 3372 1858; baseline 0.004 -16"><span class='ocrx_word' id='word_1_541' title='bbox 1801 1802 1895 1842; x_wconf 89' lang='lat' dir='ltr'><strong>sco</strong></span> <span class='ocrx_word' id='word_1_542' title='bbox 1911 1805 1999 1846; x_wconf 92' lang='lat' dir='ltr'><strong>me</strong></span> <span class='ocrx_word' id='word_1_543' title='bbox 2027 1792 2297 1846; x_wconf 88' lang='lat' dir='ltr'><strong>miserum.</strong></span> <span class='ocrx_word' id='word_1_544' title='bbox 2327 1791 2624 1847; x_wconf 80' lang='lat' dir='ltr'><strong>Misericors</strong></span> <span class='ocrx_word' id='word_1_545' title='bbox 2653 1793 2825 1858; x_wconf 91' lang='lat' dir='ltr'><strong>Deus,</strong></span> <span class='ocrx_word' id='word_1_546' title='bbox 2858 1794 3115 1849; x_wconf 86' lang='lat' dir='ltr'><strong>miserere</strong></span> <span class='ocrx_word' id='word_1_547' title='bbox 3137 1791 3372 1849; x_wconf 44' lang='lat' dir='ltr'><strong>mei-hu-</strong></span> 
     </span>
    </p>
   </div>
   <div class='ocr_carea' id='block_1_72' title="bbox 1801 1861 3374 1934">
    <p class='ocr_par' dir='ltr' id='par_1_72' title="bbox 1801 1861 3374 1934">
     <span class='ocr_line' id='line_1_75' title="bbox 1801 1861 3374 1934; baseline 0.004 -21"><span class='ocrx_word' id='word_1_548' title='bbox 1801 1861 1959 1916; x_wconf 90' lang='lat' dir='ltr'><strong>milis.</strong></span> <span class='ocrx_word' id='word_1_549' title='bbox 1985 1862 2211 1934; x_wconf 81' lang='lat' dir='ltr'><strong>Peccare</strong></span> <span class='ocrx_word' id='word_1_550' title='bbox 2230 1871 2313 1916; x_wconf 86' lang='lat' dir='ltr'><strong>est</strong></span> <span class='ocrx_word' id='word_1_551' title='bbox 2344 1863 2506 1917; x_wconf 90' lang='lat' dir='ltr'><strong>Deum</strong></span> <span class='ocrx_word' id='word_1_552' title='bbox 2537 1863 2869 1918; x_wconf 87' lang='lat' dir='ltr'><strong>exhonorare</strong></span> <span class='ocrx_word' id='word_1_553' title='bbox 2897 1906 2911 1931; x_wconf 95' lang='lat'><strong>,</strong></span> <span class='ocrx_word' id='word_1_554' title='bbox 2941 1864 3081 1934; x_wconf 90' lang='lat' dir='ltr'><strong>quod</strong></span> <span class='ocrx_word' id='word_1_555' title='bbox 3111 1865 3272 1919; x_wconf 92' lang='lat' dir='ltr'><strong>homo</strong></span> <span class='ocrx_word' id='word_1_556' title='bbox 3298 1866 3374 1919; x_wconf 79' lang='lat' dir='ltr'><strong>fa-</strong></span> 
     </span>
    </p>
   </div>
   <div class='ocr_carea' id='block_1_73' title="bbox 1802 1932 3376 2005">
    <p class='ocr_par' dir='ltr' id='par_1_73' title="bbox 1802 1932 3376 2005">
     <span class='ocr_line' id='line_1_76' title="bbox 1802 1932 3376 2005; baseline 0.003 -21"><span class='ocrx_word' id='word_1_557' title='bbox 1802 1944 1923 2005; x_wconf 81' lang='lat' dir='ltr'><strong>cere</strong></span> <span class='ocrx_word' id='word_1_558' title='bbox 1949 1948 2054 2005; x_wconf 85' lang='lat' dir='ltr'><strong>non</strong></span> <span class='ocrx_word' id='word_1_559' title='bbox 2079 1932 2317 2000; x_wconf 87' lang='lat' dir='ltr'><strong>deberet,</strong></span> <span class='ocrx_word' id='word_1_560' title='bbox 2357 1934 2562 1988; x_wconf 88' lang='lat' dir='ltr'><strong>etiamsi</strong></span> <span class='ocrx_word' id='word_1_561' title='bbox 2608 1949 2828 1988; x_wconf 90' lang='lat' dir='ltr'><strong>necesse</strong></span> <span class='ocrx_word' id='word_1_562' title='bbox 2853 1932 2994 1989; x_wconf 77' lang='lat' dir='ltr'><strong>esset</strong></span> <span class='ocrx_word' id='word_1_563' title='bbox 3024 1936 3195 2002; x_wconf 91' lang='lat' dir='ltr'><strong>perire</strong></span> <span class='ocrx_word' id='word_1_564' title='bbox 3222 1936 3376 2005; x_wconf 82' lang='lat' dir='ltr'><strong>quid-</strong></span> 
     </span>
    </p>
   </div>
   <div class='ocr_carea' id='block_1_74' title="bbox 1801 2002 3364 2074">
    <p class='ocr_par' dir='ltr' id='par_1_74' title="bbox 1801 2002 3364 2074">
     <span class='ocr_line' id='line_1_77' title="bbox 1801 2002 3364 2074; baseline 0.004 -19"><span class='ocrx_word' id='word_1_565' title='bbox 1801 2002 1925 2074; x_wconf 83' lang='lat' dir='ltr'><strong>quid</strong></span> <span class='ocrx_word' id='word_1_566' title='bbox 1961 2004 2096 2057; x_wconf 74' lang='lat' dir='ltr'><strong>Deus</strong></span> <span class='ocrx_word' id='word_1_567' title='bbox 2113 2019 2218 2056; x_wconf 88' lang='lat' dir='ltr'><strong>non</strong></span> <span class='ocrx_word' id='word_1_568' title='bbox 2248 2014 2346 2057; x_wconf 86' lang='lat' dir='ltr'><strong>est.</strong></span> <span class='ocrx_word' id='word_1_569' title='bbox 2380 2005 2488 2058; x_wconf 90' lang='lat' dir='ltr'><strong>llcu</strong></span> <span class='ocrx_word' id='word_1_570' title='bbox 2518 2020 2618 2070; x_wconf 88' lang='lat' dir='ltr'><strong>me,</strong></span> <span class='ocrx_word' id='word_1_571' title='bbox 2652 2004 2754 2060; x_wconf 90' lang='lat' dir='ltr'><strong>heu</strong></span> <span class='ocrx_word' id='word_1_572' title='bbox 2783 2006 2899 2060; x_wconf 86' lang='lat' dir='ltr'><strong>me!</strong></span> <span class='ocrx_word' id='word_1_573' title='bbox 2931 2007 3166 2074; x_wconf 87' lang='lat' dir='ltr'><strong>peccavi,</strong></span> <span class='ocrx_word' id='word_1_574' title='bbox 3201 2002 3364 2060; x_wconf 82' lang='lat' dir='ltr'><strong>Dcum</strong></span> 
     </span>
    </p>
   </div>
   <div class='ocr_carea' id='block_1_75' title="bbox 1802 2072 3369 2146">
    <p class='ocr_par' dir='ltr' id='par_1_75' title="bbox 1802 2072 3369 2146">
     <span class='ocr_line' id='line_1_78' title="bbox 1802 2072 3369 2146; baseline 0.004 -22"><span class='ocrx_word' id='word_1_575' title='bbox 1802 2072 2148 2146; x_wconf 78' lang='lat' dir='ltr'><strong>exhonoravi,</strong></span> <span class='ocrx_word' id='word_1_576' title='bbox 2171 2073 2600 2146; x_wconf 72' lang='lat' dir='ltr'><strong>omnipotentem</strong></span> <span class='ocrx_word' id='word_1_577' title='bbox 2631 2072 3212 2144; x_wconf 54' lang='lat' dir='ltr'><strong>provocaviIPcccator</strong></span> <span class='ocrx_word' id='word_1_578' title='bbox 3240 2077 3369 2146; x_wconf 91' lang='lat' dir='ltr'><strong>quid</strong></span> 
     </span>
    </p>
   </div>
   <div class='ocr_carea' id='block_1_76' title="bbox 1801 2140 3376 2217">
    <p class='ocr_par' dir='ltr' id='par_1_76' title="bbox 1801 2140 3376 2217">
     <span class='ocr_line' id='line_1_79' title="bbox 1801 2140 3376 2217; baseline 0.004 -23"><span class='ocrx_word' id='word_1_579' title='bbox 1801 2140 2066 2217; x_wconf 22' lang='lat' dir='ltr'><strong>feci,‘qu_:e</strong></span> <span class='ocrx_word' id='word_1_580' title='bbox 2095 2145 2231 2199; x_wconf 86' lang='lat' dir='ltr'><strong>mala</strong></span> <span class='ocrx_word' id='word_1_581' title='bbox 2258 2140 2398 2217; x_wconf 83' lang='lat' dir='ltr'><strong>feci?</strong></span> <span class='ocrx_word' id='word_1_582' title='bbox 2423 2145 2514 2199; x_wconf 67' lang='lat' dir='ltr'><strong>Va:</strong></span> <span class='ocrx_word' id='word_1_583' title='bbox 2546 2140 2680 2217; x_wconf 81' lang='lat' dir='ltr'><strong>mala</strong></span> <span class='ocrx_word' id='word_1_584' title='bbox 2709 2148 2905 2215; x_wconf 90' lang='lat' dir='ltr'><strong>agenti,</strong></span> <span class='ocrx_word' id='word_1_585' title='bbox 2931 2162 3012 2200; x_wconf 69' lang='lat' dir='ltr'><strong>va:</strong></span> <span class='ocrx_word' id='word_1_586' title='bbox 3037 2147 3173 2217; x_wconf 90' lang='lat' dir='ltr'><strong>bona</strong></span> <span class='ocrx_word' id='word_1_587' title='bbox 3203 2140 3344 2217; x_wconf 82' lang='lat' dir='ltr'><strong>négli</strong></span> <span class='ocrx_word' id='word_1_588' title='bbox 3362 2177 3376 2187; x_wconf 86' lang='lat'><strong>-</strong></span> 
     </span>
    </p>
   </div>
   <div class='ocr_carea' id='block_1_77' title="bbox 1800 2214 3367 2285">
    <p class='ocr_par' dir='ltr' id='par_1_77' title="bbox 1800 2214 3367 2285">
     <span class='ocr_line' id='line_1_80' title="bbox 1800 2214 3367 2285; baseline 0.003 -18"><span class='ocrx_word' id='word_1_589' title='bbox 1800 2214 1979 2280; x_wconf 80' lang='lat' dir='ltr'><strong>genti!</strong></span> <span class='ocrx_word' id='word_1_590' title='bbox 2014 2214 2256 2285; x_wconf 21' lang='lat' dir='ltr'><strong>Vte,7v;e!</strong></span> <span class='ocrx_word' id='word_1_591' title='bbox 2289 2214 2366 2269; x_wconf 89' lang='lat' dir='ltr'><strong>Ira</strong></span> <span class='ocrx_word' id='word_1_592' title='bbox 2421 2214 2801 2285; x_wconf 82' lang='lat' dir='ltr'><strong>omnipotentis</strong></span> <span class='ocrx_word' id='word_1_593' title='bbox 2827 2217 2947 2281; x_wconf 87' lang='lat' dir='ltr'><strong>Dei,</strong></span> <span class='ocrx_word' id='word_1_594' title='bbox 2979 2233 3044 2270; x_wconf 91' lang='lat' dir='ltr'><strong>ne</strong></span> <span class='ocrx_word' id='word_1_595' title='bbox 3072 2216 3244 2271; x_wconf 90' lang='lat' dir='ltr'><strong>irruas</strong></span> <span class='ocrx_word' id='word_1_596' title='bbox 3270 2214 3367 2271; x_wconf 77' lang='lat' dir='ltr'><strong>su-</strong></span> 
     </span>
    </p>
   </div>
   <div class='ocr_carea' id='block_1_78' title="bbox 1802 2284 3373 2356">
    <p class='ocr_par' dir='ltr' id='par_1_78' title="bbox 1802 2284 3373 2356">
     <span class='ocr_line' id='line_1_81' title="bbox 1802 2284 3373 2356; baseline 0.002 -17"><span class='ocrx_word' id='word_1_597' title='bbox 1802 2297 1962 2356; x_wconf 74' lang='lat' dir='ltr'><strong>super</strong></span> <span class='ocrx_word' id='word_1_598' title='bbox 1984 2302 2088 2339; x_wconf 90' lang='lat' dir='ltr'><strong>mc.</strong></span> <span class='ocrx_word' id='word_1_599' title='bbox 2121 2284 2202 2356; x_wconf 83' lang='lat' dir='ltr'><strong>Ira</strong></span> <span class='ocrx_word' id='word_1_600' title='bbox 2229 2284 2638 2356; x_wconf 89' lang='lat' dir='ltr'><strong>omnipotentis,</strong></span> <span class='ocrx_word' id='word_1_601' title='bbox 2670 2286 2759 2341; x_wconf 90' lang='lat' dir='ltr'><strong>ubi</strong></span> <span class='ocrx_word' id='word_1_602' title='bbox 2789 2287 2987 2356; x_wconf 90' lang='lat' dir='ltr'><strong>poteris</strong></span> <span class='ocrx_word' id='word_1_603' title='bbox 3018 2288 3134 2356; x_wconf 90' lang='lat' dir='ltr'><strong>capi</strong></span> <span class='ocrx_word' id='word_1_604' title='bbox 3160 2289 3214 2342; x_wconf 92' lang='lat' dir='ltr'><strong>in</strong></span> <span class='ocrx_word' id='word_1_605' title='bbox 3243 2289 3373 2344; x_wconf 78' lang='lat' dir='ltr'><strong>me?</strong></span> 
     </span>
    </p>
   </div>
   <div class='ocr_carea' id='block_1_79' title="bbox 1801 2352 3369 2425">
    <p class='ocr_par' dir='ltr' id='par_1_79' title="bbox 1801 2352 3369 2425">
     <span class='ocr_line' id='line_1_82' title="bbox 1801 2352 3369 2425; baseline 0.004 -19"><span class='ocrx_word' id='word_1_606' title='bbox 1801 2352 1916 2407; x_wconf 79' lang='lat' dir='ltr'><strong>Neu</strong></span> <span class='ocrx_word' id='word_1_607' title='bbox 1959 2364 2042 2410; x_wconf 90' lang='lat' dir='ltr'><strong>est</strong></span> <span class='ocrx_word' id='word_1_608' title='bbox 2070 2355 2209 2424; x_wconf 88' lang='lat' dir='ltr'><strong>quod</strong></span> <span class='ocrx_word' id='word_1_609' title='bbox 2241 2367 2292 2410; x_wconf 89' lang='lat' dir='ltr'><strong>te</strong></span> <span class='ocrx_word' id='word_1_610' title='bbox 2329 2352 2496 2425; x_wconf 80' lang='lat' dir='ltr'><strong>possit</strong></span> <span class='ocrx_word' id='word_1_611' title='bbox 2547 2352 2871 2412; x_wconf 38' lang='lat' dir='ltr'><strong>tolerare—in</strong></span> <span class='ocrx_word' id='word_1_612' title='bbox 2911 2365 3022 2411; x_wconf 89' lang='lat' dir='ltr'><strong>toto</strong></span> <span class='ocrx_word' id='word_1_613' title='bbox 3054 2352 3158 2411; x_wconf 83' lang='lat' dir='ltr'><strong>me.</strong></span> <span class='ocrx_word' id='word_1_614' title='bbox 3193 2359 3331 2414; x_wconf 91' lang='lat' dir='ltr'><strong>Deus</strong></span> <span class='ocrx_word' id='word_1_615' title='bbox 3353 2398 3369 2424; x_wconf 89' lang='lat'><strong>,</strong></span> 
     </span>
    </p>
   </div>
   <div class='ocr_carea' id='block_1_80' title="bbox 1802 2425 3370 2496">
    <p class='ocr_par' dir='ltr' id='par_1_80' title="bbox 1802 2425 3370 2496">
     <span class='ocr_line' id='line_1_83' title="bbox 1802 2425 3370 2496; baseline 0.004 -20"><span class='ocrx_word' id='word_1_616' title='bbox 1802 2425 1954 2491; x_wconf 79' lang='lat' dir='ltr'><strong>cujus</strong></span> <span class='ocrx_word' id='word_1_617' title='bbox 1984 2427 2191 2480; x_wconf 90' lang='lat' dir='ltr'><strong>bonitas</strong></span> <span class='ocrx_word' id='word_1_618' title='bbox 2214 2441 2316 2480; x_wconf 91' lang='lat' dir='ltr'><strong>non</strong></span> <span class='ocrx_word' id='word_1_619' title='bbox 2338 2425 2670 2494; x_wconf 80' lang='lat' dir='ltr'><strong>exhauritur,</strong></span> <span class='ocrx_word' id='word_1_620' title='bbox 2700 2427 2853 2496; x_wconf 86' lang='lat' dir='ltr'><strong>cujus</strong></span> <span class='ocrx_word' id='word_1_621' title='bbox 2879 2429 3242 2483; x_wconf 88' lang='lat' dir='ltr'><strong>misericordia</strong></span> <span class='ocrx_word' id='word_1_622' title='bbox 3263 2445 3370 2482; x_wconf 91' lang='lat' dir='ltr'><strong>non</strong></span> 
     </span>
    </p>
   </div>
   <div class='ocr_carea' id='block_1_81' title="bbox 1802 2496 3366 2568">
    <p class='ocr_par' dir='ltr' id='par_1_81' title="bbox 1802 2496 3366 2568">
     <span class='ocr_line' id='line_1_84' title="bbox 1802 2496 3366 2568; baseline 0.004 -20"><span class='ocrx_word' id='word_1_623' title='bbox 1802 2496 2123 2568; x_wconf 78' lang='lat' dir='ltr'><strong>exinanitur,</strong></span> <span class='ocrx_word' id='word_1_624' title='bbox 2148 2496 2304 2568; x_wconf 83' lang='lat' dir='ltr'><strong>cujus</strong></span> <span class='ocrx_word' id='word_1_625' title='bbox 2333 2498 2550 2568; x_wconf 85' lang='lat' dir='ltr'><strong>scientia</strong></span> <span class='ocrx_word' id='word_1_626' title='bbox 2580 2513 2685 2552; x_wconf 93' lang='lat' dir='ltr'><strong>non</strong></span> <span class='ocrx_word' id='word_1_627' title='bbox 2715 2498 2913 2561; x_wconf 84' lang='lat' dir='ltr'><strong>deﬁcit,</strong></span> <span class='ocrx_word' id='word_1_628' title='bbox 2944 2500 3097 2567; x_wconf 91' lang='lat' dir='ltr'><strong>cujus</strong></span> <span class='ocrx_word' id='word_1_629' title='bbox 3128 2509 3366 2568; x_wconf 88' lang='lat' dir='ltr'><strong>potestas</strong></span> 
     </span>
    </p>
   </div>
   <div class='ocr_carea' id='block_1_82' title="bbox 1802 2566 3374 2651">
    <p class='ocr_par' dir='ltr' id='par_1_82' title="bbox 1802 2566 3374 2651">
     <span class='ocr_line' id='line_1_85' title="bbox 1802 2566 3374 2651; baseline 0.003 -32"><span class='ocrx_word' id='word_1_630' title='bbox 1802 2566 1944 2634; x_wconf 89' lang='lat' dir='ltr'><strong>quod</strong></span> <span class='ocrx_word' id='word_1_631' title='bbox 1971 2567 2282 2651; x_wconf 75' lang='lat' dir='ltr'><strong>vultet‘ticit,</strong></span> <span class='ocrx_word' id='word_1_632' title='bbox 2320 2567 2463 2651; x_wconf 74' lang='lat' dir='ltr'><strong>unde</strong></span> <span class='ocrx_word' id='word_1_633' title='bbox 2505 2577 2693 2637; x_wconf 89' lang='lat' dir='ltr'><strong>potero</strong></span> <span class='ocrx_word' id='word_1_634' title='bbox 2720 2566 3040 2651; x_wconf 18' lang='lat' dir='ltr'><strong>respirare:</strong></span> <span class='ocrx_word' id='word_1_635' title='bbox 3063 2566 3154 2651; x_wconf 63' lang='lat' dir='ltr'><strong>qui</strong></span> <span class='ocrx_word' id='word_1_636' title='bbox 3185 2570 3262 2624; x_wconf 87' lang='lat' dir='ltr'><strong>sic</strong></span> <span class='ocrx_word' id='word_1_637' title='bbox 3304 2571 3374 2651; x_wconf 79' lang='lat' dir='ltr'><strong>ob</strong></span> 
     </span>
    </p>
   </div>
   <div class='ocr_carea' id='block_1_83' title="bbox 1804 2638 3378 2709">
    <p class='ocr_par' dir='ltr' id='par_1_83' title="bbox 1804 2638 3378 2709">
     <span class='ocr_line' id='line_1_86' title="bbox 1804 2638 3378 2709; baseline 0.004 -19"><span class='ocrx_word' id='word_1_638' title='bbox 1804 2647 2176 2709; x_wconf 85' lang='lat' dir='ltr'><strong>peccata_mea</strong></span> <span class='ocrx_word' id='word_1_639' title='bbox 2217 2653 2379 2709; x_wconf 91' lang='lat' dir='ltr'><strong>cogor</strong></span> <span class='ocrx_word' id='word_1_640' title='bbox 2433 2638 2758 2709; x_wconf 79' lang='lat' dir='ltr'><strong>desperare?</strong></span> <span class='ocrx_word' id='word_1_641' title='bbox 2796 2638 2930 2694; x_wconf 89' lang='lat' dir='ltr'><strong>Nam</strong></span> <span class='ocrx_word' id='word_1_642' title='bbox 2993 2638 3094 2694; x_wconf 88' lang='lat' dir='ltr'><strong>etsi</strong></span> <span class='ocrx_word' id='word_1_643' title='bbox 3131 2641 3378 2696; x_wconf 88' lang='lat' dir='ltr'><strong>irascaris</strong></span> 
     </span>
    </p>
   </div>
   <div class='ocr_carea' id='block_1_84' title="bbox 1802 2707 3380 2780">
    <p class='ocr_par' dir='ltr' id='par_1_84' title="bbox 1802 2707 3380 2780">
     <span class='ocr_line' id='line_1_87' title="bbox 1802 2707 3380 2780; baseline 0.004 -21"><span class='ocrx_word' id='word_1_644' title='bbox 1802 2707 2144 2780; x_wconf 79' lang='lat' dir='ltr'><strong>peccantibus</strong></span> <span class='ocrx_word' id='word_1_645' title='bbox 2161 2749 2176 2774; x_wconf 88' lang='lat'><strong>,</strong></span> <span class='ocrx_word' id='word_1_646' title='bbox 2203 2708 2344 2763; x_wconf 88' lang='lat' dir='ltr'><strong>soles</strong></span> <span class='ocrx_word' id='word_1_647' title='bbox 2371 2707 2548 2780; x_wconf 78' lang='lat' dir='ltr'><strong>tamen</strong></span> <span class='ocrx_word' id='word_1_648' title='bbox 2574 2709 2803 2779; x_wconf 77' lang='lat' dir='ltr'><strong>benigne</strong></span> <span class='ocrx_word' id='word_1_649' title='bbox 2826 2709 2954 2780; x_wconf 86' lang='lat' dir='ltr'><strong>dare</strong></span> <span class='ocrx_word' id='word_1_650' title='bbox 2973 2711 3255 2764; x_wconf 88' lang='lat' dir='ltr'><strong>consilium</strong></span> <span class='ocrx_word' id='word_1_651' title='bbox 3286 2727 3380 2780; x_wconf 89' lang='lat' dir='ltr'><strong>pe-</strong></span> 
     </span>
    </p>
   </div>
   <div class='ocr_carea' id='block_1_85' title="bbox 1803 2778 3377 2852">
    <p class='ocr_par' dir='ltr' id='par_1_85' title="bbox 1803 2778 3377 2852">
     <span class='ocr_line' id='line_1_88' title="bbox 1803 2778 3377 2852; baseline 0.003 -22"><span class='ocrx_word' id='word_1_652' title='bbox 1803 2778 2053 2852; x_wconf 81' lang='lat' dir='ltr'><strong>tentibus.</strong></span> <span class='ocrx_word' id='word_1_653' title='bbox 2082 2778 2223 2835; x_wconf 91' lang='lat' dir='ltr'><strong>Doce</strong></span> <span class='ocrx_word' id='word_1_654' title='bbox 2243 2793 2347 2852; x_wconf 74' lang='lat' dir='ltr'><strong>me,</strong></span> <span class='ocrx_word' id='word_1_655' title='bbox 2367 2779 2612 2852; x_wconf 87' lang='lat' dir='ltr'><strong>Domine,</strong></span> <span class='ocrx_word' id='word_1_656' title='bbox 2638 2778 2778 2852; x_wconf 81' lang='lat' dir='ltr'><strong>unde</strong></span> <span class='ocrx_word' id='word_1_657' title='bbox 2808 2779 3028 2852; x_wconf 87' lang='lat' dir='ltr'><strong>debeam</strong></span> <span class='ocrx_word' id='word_1_658' title='bbox 3057 2778 3300 2852; x_wconf 67' lang='lat' dir='ltr'><strong>sperare,</strong></span> <span class='ocrx_word' id='word_1_659' title='bbox 3320 2791 3377 2835; x_wconf 89' lang='lat' dir='ltr'><strong>ut</strong></span> 
     </span>
    </p>
   </div>
   <div class='ocr_carea' id='block_1_86' title="bbox 1801 2847 3380 2921">
    <p class='ocr_par' dir='ltr' id='par_1_86' title="bbox 1801 2847 3380 2921">
     <span class='ocr_line' id='line_1_89' title="bbox 1801 2847 3380 2921; baseline 0.004 -22"><span class='ocrx_word' id='word_1_660' title='bbox 1801 2849 1999 2921; x_wconf 86' lang='lat' dir='ltr'><strong>possim</strong></span> <span class='ocrx_word' id='word_1_661' title='bbox 2025 2849 2042 2879; x_wconf 90' lang='grc'>¹</span> <span class='ocrx_word' id='word_1_662' title='bbox 2059 2863 2232 2902; x_wconf 86' lang='lat' dir='ltr'><strong>orare.</strong></span> <span class='ocrx_word' id='word_1_663' title='bbox 2249 2847 2484 2918; x_wconf 90' lang='lat' dir='ltr'><strong>Namque</strong></span> <span class='ocrx_word' id='word_1_664' title='bbox 2501 2851 2652 2915; x_wconf 92' lang='lat' dir='ltr'><strong>volo;</strong></span> <span class='ocrx_word' id='word_1_665' title='bbox 2681 2851 2773 2905; x_wconf 90' lang='lat' dir='ltr'><strong>sed</strong></span> <span class='ocrx_word' id='word_1_666' title='bbox 2803 2849 2985 2905; x_wconf 91' lang='lat' dir='ltr'><strong>nescio</strong></span> <span class='ocrx_word' id='word_1_667' title='bbox 2995 2847 3210 2920; x_wconf 74' lang='lat' dir='ltr'><strong>propter</strong></span> <span class='ocrx_word' id='word_1_668' title='bbox 3229 2853 3380 2921; x_wconf 85' lang='lat' dir='ltr'><strong>igno-</strong></span> 
     </span>
    </p>
   </div>
   <div class='ocr_carea' id='block_1_87' title="bbox 1801 2919 3370 2991">
    <p class='ocr_par' dir='ltr' id='par_1_87' title="bbox 1801 2919 3370 2991">
     <span class='ocr_line' id='line_1_90' title="bbox 1801 2919 3370 2991; baseline 0.004 -21"><span class='ocrx_word' id='word_1_669' title='bbox 1801 2919 2024 2991; x_wconf 84' lang='lat' dir='ltr'><strong>rantiam</strong></span> <span class='ocrx_word' id='word_1_670' title='bbox 2043 2933 2236 2984; x_wconf 87' lang='lat' dir='ltr'><strong>meam,</strong></span> <span class='ocrx_word' id='word_1_671' title='bbox 2258 2934 2356 2973; x_wconf 90' lang='lat' dir='ltr'><strong>nec</strong></span> <span class='ocrx_word' id='word_1_672' title='bbox 2378 2935 2590 2988; x_wconf 91' lang='lat' dir='ltr'><strong>possum</strong></span> <span class='ocrx_word' id='word_1_673' title='bbox 2628 2932 2842 2991; x_wconf 90' lang='lat' dir='ltr'><strong>propter</strong></span> <span class='ocrx_word' id='word_1_674' title='bbox 2863 2919 3110 2975; x_wconf 84' lang='lat' dir='ltr'><strong>duritiam</strong></span> <span class='ocrx_word' id='word_1_675' title='bbox 3133 2919 3303 2976; x_wconf 82' lang='lat' dir='ltr'><strong>meam</strong></span> <span class='ocrx_word' id='word_1_676' title='bbox 3325 2923 3370 2988; x_wconf 76' lang='grc' dir='ltr'>’ς</span> 
     </span>
    </p>
   </div>
   <div class='ocr_carea' id='block_1_88' title="bbox 1802 2989 3382 3060">
    <p class='ocr_par' dir='ltr' id='par_1_88' title="bbox 1802 2989 3382 3060">
     <span class='ocr_line' id='line_1_91' title="bbox 1802 2989 3382 3060; baseline 0.003 -19"><span class='ocrx_word' id='word_1_677' title='bbox 1802 3003 1964 3060; x_wconf 80' lang='lat' dir='ltr'><strong>cogor</strong></span> <span class='ocrx_word' id='word_1_678' title='bbox 1989 2989 2274 3057; x_wconf 88' lang='lat' dir='ltr'><strong>desperare</strong></span> <span class='ocrx_word' id='word_1_679' title='bbox 2303 3000 2520 3059; x_wconf 87' lang='lat' dir='ltr'><strong>propter</strong></span> <span class='ocrx_word' id='word_1_680' title='bbox 2540 2989 2868 3060; x_wconf 74' lang='lat' dir='ltr'><strong>iniquitatem</strong></span> <span class='ocrx_word' id='word_1_681' title='bbox 2892 3006 3082 3046; x_wconf 90' lang='lat' dir='ltr'><strong>meam.</strong></span> <span class='ocrx_word' id='word_1_682' title='bbox 3114 2993 3235 3048; x_wconf 89' lang='lat' dir='ltr'><strong>Scio</strong></span> <span class='ocrx_word' id='word_1_683' title='bbox 3256 2992 3344 3060; x_wconf 91' lang='lat' dir='ltr'><strong>qui</strong></span> <span class='ocrx_word' id='word_1_684' title='bbox 3368 3021 3382 3032; x_wconf 87' lang='lat'><em>-</em></span> 
     </span>
    </p>
   </div>
   <div class='ocr_carea' id='block_1_89' title="bbox 1801 3057 3378 3130">
    <p class='ocr_par' dir='ltr' id='par_1_89' title="bbox 1801 3057 3378 3130">
     <span class='ocr_line' id='line_1_92' title="bbox 1801 3057 3378 3130; baseline 0.003 -18"><span class='ocrx_word' id='word_1_685' title='bbox 1801 3057 1923 3112; x_wconf 90' lang='lat' dir='ltr'><strong>dem</strong></span> <span class='ocrx_word' id='word_1_686' title='bbox 1952 3067 2006 3114; x_wconf 93' lang='lat' dir='ltr'><strong>et</strong></span> <span class='ocrx_word' id='word_1_687' title='bbox 2045 3060 2234 3125; x_wconf 78' lang='lat' dir='ltr'><strong>fateor,</strong></span> <span class='ocrx_word' id='word_1_688' title='bbox 2253 3057 2374 3128; x_wconf 87' lang='lat' dir='ltr'><strong>quia</strong></span> <span class='ocrx_word' id='word_1_689' title='bbox 2403 3057 2596 3114; x_wconf 83' lang='lat' dir='ltr'><strong>merito</strong></span> <span class='ocrx_word' id='word_1_690' title='bbox 2618 3057 2787 3128; x_wconf 79' lang='lat' dir='ltr'><strong>patior</strong></span> <span class='ocrx_word' id='word_1_691' title='bbox 2816 3061 2954 3130; x_wconf 92' lang='lat' dir='ltr'><strong>quod</strong></span> <span class='ocrx_word' id='word_1_692' title='bbox 2991 3071 3178 3130; x_wconf 89' lang='lat' dir='ltr'><strong>sponte</strong></span> <span class='ocrx_word' id='word_1_693' title='bbox 3201 3057 3378 3126; x_wconf 85' lang='lat' dir='ltr'><strong>subii;</strong></span> 
     </span>
    </p>
   </div>
   <div class='ocr_carea' id='block_1_90' title="bbox 1801 3130 3378 3202">
    <p class='ocr_par' dir='ltr' id='par_1_90' title="bbox 1801 3130 3378 3202">
     <span class='ocr_line' id='line_1_93' title="bbox 1801 3130 3378 3202; baseline 0.004 -21"><span class='ocrx_word' id='word_1_694' title='bbox 1801 3137 1856 3202; x_wconf 76' lang='lat' dir='ltr'><strong>et</strong></span> <span class='ocrx_word' id='word_1_695' title='bbox 1882 3130 2022 3202; x_wconf 82' lang='lat' dir='ltr'><strong>justo</strong></span> <span class='ocrx_word' id='word_1_696' title='bbox 2041 3144 2144 3184; x_wconf 90' lang='lat' dir='ltr'><strong>non</strong></span> <span class='ocrx_word' id='word_1_697' title='bbox 2165 3130 2437 3202; x_wconf 85' lang='lat' dir='ltr'><strong>exaudior,</strong></span> <span class='ocrx_word' id='word_1_698' title='bbox 2451 3130 2580 3202; x_wconf 83' lang='lat' dir='ltr'><strong>quia</strong></span> <span class='ocrx_word' id='word_1_699' title='bbox 2597 3145 2702 3184; x_wconf 91' lang='lat' dir='ltr'><strong>non</strong></span> <span class='ocrx_word' id='word_1_700' title='bbox 2733 3131 2962 3185; x_wconf 86' lang='lat' dir='ltr'><strong>obedivi.</strong></span> <span class='ocrx_word' id='word_1_701' title='bbox 2991 3130 3205 3202; x_wconf 89' lang='lat' dir='ltr'><strong>Utique,</strong></span> <span class='ocrx_word' id='word_1_702' title='bbox 3240 3133 3378 3188; x_wconf 90' lang='lat' dir='ltr'><strong>bone</strong></span> 
     </span>
    </p>
   </div>
   <div class='ocr_carea' id='block_1_91' title="bbox 1800 3197 3376 3270">
    <p class='ocr_par' dir='ltr' id='par_1_91' title="bbox 1800 3197 3376 3270">
     <span class='ocr_line' id='line_1_94' title="bbox 1800 3197 3376 3270; baseline 0.003 -18"><span class='ocrx_word' id='word_1_703' title='bbox 1800 3197 2057 3270; x_wconf 87' lang='lat' dir='ltr'><strong>Domine,</strong></span> <span class='ocrx_word' id='word_1_704' title='bbox 2107 3200 2356 3270; x_wconf 89' lang='lat' dir='ltr'><strong>peccavi,</strong></span> <span class='ocrx_word' id='word_1_705' title='bbox 2413 3197 2584 3254; x_wconf 74' lang='lat' dir='ltr'><strong>erravi</strong></span> <span class='ocrx_word' id='word_1_706' title='bbox 2615 3210 3020 3256; x_wconf 90' lang='lat' dir='ltr'><strong>:verumtameu</strong></span> <span class='ocrx_word' id='word_1_707' title='bbox 3047 3197 3147 3256; x_wconf 77' lang='lat' dir='ltr'><strong>nec</strong></span> <span class='ocrx_word' id='word_1_708' title='bbox 3169 3211 3220 3258; x_wconf 92' lang='lat' dir='ltr'><strong>te</strong></span> <span class='ocrx_word' id='word_1_709' title='bbox 3247 3203 3376 3270; x_wconf 89' lang='lat' dir='ltr'><strong>odi,</strong></span> 
     </span>
    </p>
   </div>
   <div class='ocr_carea' id='block_1_92' title="bbox 1802 3269 3382 3335">
    <p class='ocr_par' dir='ltr' id='par_1_92' title="bbox 1802 3269 3382 3335">
     <span class='ocr_line' id='line_1_95' title="bbox 1802 3269 3382 3335; baseline 0.003 -12"><span class='ocrx_word' id='word_1_710' title='bbox 1802 3285 1900 3324; x_wconf 91' lang='lat' dir='ltr'><strong>nec</strong></span> <span class='ocrx_word' id='word_1_711' title='bbox 1951 3269 2185 3324; x_wconf 86' lang='lat' dir='ltr'><strong>detestor</strong></span> <span class='ocrx_word' id='word_1_712' title='bbox 2213 3271 2503 3325; x_wconf 88' lang='lat' dir='ltr'><strong>bonitatem</strong></span> <span class='ocrx_word' id='word_1_713' title='bbox 2537 3280 2698 3325; x_wconf 91' lang='lat' dir='ltr'><strong>tuam.</strong></span> <span class='ocrx_word' id='word_1_714' title='bbox 2727 3271 2851 3326; x_wconf 87' lang='lat' dir='ltr'><strong>Ideo</strong></span> <span class='ocrx_word' id='word_1_715' title='bbox 2880 3273 2900 3303; x_wconf 84' lang='grc'><em>³</em></span> <span class='ocrx_word' id='word_1_716' title='bbox 2926 3271 3009 3326; x_wconf 77' lang='lat' dir='ltr'><strong>{ac</strong></span> <span class='ocrx_word' id='word_1_717' title='bbox 3030 3286 3242 3335; x_wconf 85' lang='lat' dir='ltr'><strong>mecum</strong></span> <span class='ocrx_word' id='word_1_718' title='bbox 3290 3269 3382 3328; x_wconf 76' lang='lat' dir='ltr'><strong>se-</strong></span> 
     </span>
    </p>
   </div>
   <div class='ocr_carea' id='block_1_93' title="bbox 1799 3340 3381 3414">
    <p class='ocr_par' dir='ltr' id='par_1_93' title="bbox 1799 3340 3381 3414">
     <span class='ocr_line' id='line_1_96' title="bbox 1799 3340 3381 3414; baseline 0.003 -20"><span class='ocrx_word' id='word_1_719' title='bbox 1799 3340 2033 3414; x_wconf 81' lang='lat' dir='ltr'><strong>cundum</strong></span> <span class='ocrx_word' id='word_1_720' title='bbox 2083 3340 2503 3414; x_wconf 80' lang='lat' dir='ltr'><strong>misericordiam</strong></span> <span class='ocrx_word' id='word_1_721' title='bbox 2529 3349 2674 3397; x_wconf 85' lang='lat' dir='ltr'><strong>tuam</strong></span> <span class='ocrx_word' id='word_1_722' title='bbox 2699 3383 2713 3410; x_wconf 88' lang='lat'><strong>,</strong></span> <span class='ocrx_word' id='word_1_723' title='bbox 2749 3341 2840 3414; x_wconf 88' lang='lat' dir='ltr'><strong>qui</strong></span> <span class='ocrx_word' id='word_1_724' title='bbox 2881 3356 2939 3397; x_wconf 87' lang='lat' dir='ltr'><strong>es</strong></span> <span class='ocrx_word' id='word_1_725' title='bbox 2961 3341 3273 3398; x_wconf 87' lang='lat' dir='ltr'><strong>benedictus</strong></span> <span class='ocrx_word' id='word_1_726' title='bbox 3323 3343 3381 3398; x_wconf 89' lang='lat' dir='ltr'><strong>in</strong></span> 
     </span>
    </p>
   </div>
   <div class='ocr_carea' id='block_1_94' title="bbox 1800 3411 2408 3468">
    <p class='ocr_par' dir='ltr' id='par_1_94' title="bbox 1800 3411 2408 3468">
     <span class='ocr_line' id='line_1_97' title="bbox 1800 3411 2408 3468; baseline -0.003 -1"><span class='ocrx_word' id='word_1_727' title='bbox 1800 3411 1993 3467; x_wconf 63' lang='lat' dir='ltr'><strong>saecula</strong></span> <span class='ocrx_word' id='word_1_728' title='bbox 2019 3413 2336 3468; x_wconf 71' lang='lat' dir='ltr'><strong>saeculorum</strong></span> <span class='ocrx_word' id='word_1_729' title='bbox 2365 3411 2408 3465; x_wconf 84' lang='grc'><strong>³.</strong></span> 
     </span>
    </p>
   </div>
   <div class='ocr_carea' id='block_1_95' title="bbox 1863 3691 2562 3752">
    <p class='ocr_par' dir='ltr' id='par_1_95' title="bbox 1863 3691 2562 3752">
     <span class='ocr_line' id='line_1_98' title="bbox 1863 3691 2562 3752; baseline -0.001 -11"><span class='ocrx_word' id='word_1_730' title='bbox 1863 3693 1880 3724; x_wconf 77' lang='grc' dir='ltr'>ί</span> <span class='ocrx_word' id='word_1_731' title='bbox 1914 3692 2033 3742; x_wconf 85' lang='lat' dir='ltr'><strong>Editi</strong></span> <span class='ocrx_word' id='word_1_732' title='bbox 2053 3693 2131 3742; x_wconf 89' lang='lat' dir='ltr'><strong>hic</strong></span> <span class='ocrx_word' id='word_1_733' title='bbox 2153 3692 2347 3752; x_wconf 86' lang='lat' dir='ltr'><strong>addunt,</strong></span> <span class='ocrx_word' id='word_1_734' title='bbox 2367 3691 2562 3744; x_wconf 78' lang='lat' dir='ltr'><strong>salvari.</strong></span> 
     </span>
    </p>
   </div>
   <div class='ocr_carea' id='block_1_96' title="bbox 1862 3753 2980 3820">
    <p class='ocr_par' dir='ltr' id='par_1_96' title="bbox 1862 3753 2980 3820">
     <span class='ocr_line' id='line_1_99' title="bbox 1862 3753 2980 3820; baseline 0.003 -18"><span class='ocrx_word' id='word_1_735' title='bbox 1862 3755 1883 3820; x_wconf 68' lang='grc' dir='ltr'><strong>ξ</strong></span> <span class='ocrx_word' id='word_1_736' title='bbox 1921 3762 1999 3820; x_wconf 63' lang='lat' dir='ltr'><strong>tus.</strong></span> <span class='ocrx_word' id='word_1_737' title='bbox 2028 3756 2204 3820; x_wconf 72' lang='lat' dir='ltr'><strong>Regius</strong></span> <span class='ocrx_word' id='word_1_738' title='bbox 2233 3754 2472 3820; x_wconf 11' lang='lat' dir='ltr'><strong>hicgaddit,</strong></span> <span class='ocrx_word' id='word_1_739' title='bbox 2495 3753 2746 3820; x_wconf 70' lang='lat' dir='ltr'><strong>prohibeor</strong></span> <span class='ocrx_word' id='word_1_740' title='bbox 2768 3767 2980 3820; x_wconf 71' lang='lat' dir='ltr'><strong>sperare.</strong></span> 
     </span>
    </p>
   </div>
   <div class='ocr_carea' id='block_1_97' title="bbox 1859 3815 3386 3882">
    <p class='ocr_par' dir='ltr' id='par_1_97' title="bbox 1859 3815 3386 3882">
     <span class='ocr_line' id='line_1_100' title="bbox 1859 3815 3386 3882; baseline 0.003 -18"><span class='ocrx_word' id='word_1_741' title='bbox 1859 3816 1882 3849; x_wconf 83' lang='grc'><strong><em>³</em></strong></span> <span class='ocrx_word' id='word_1_742' title='bbox 1906 3815 2079 3882; x_wconf 81' lang='lat' dir='ltr'><strong>Ultima</strong></span> <span class='ocrx_word' id='word_1_743' title='bbox 2095 3815 2199 3882; x_wconf 61' lang='lat' dir='ltr'><strong>[me</strong></span> <span class='ocrx_word' id='word_1_744' title='bbox 2222 3819 2398 3878; x_wconf 89' lang='lat' dir='ltr'><strong>verba,</strong></span> <span class='ocrx_word' id='word_1_745' title='bbox 2421 3815 2602 3881; x_wconf 81' lang='lat' dir='ltr'><strong>nempe</strong></span> <span class='ocrx_word' id='word_1_746' title='bbox 2619 3820 2700 3879; x_wconf 81' lang='lat' dir='ltr'><strong>ab,</strong></span> <span class='ocrx_word' id='word_1_747' title='bbox 2721 3815 2859 3878; x_wconf 71' lang='lat' dir='ltr'><strong>ideo,</strong></span> <span class='ocrx_word' id='word_1_748' title='bbox 2882 3830 3040 3882; x_wconf 86' lang='lat' dir='ltr'><strong>usque</strong></span> <span class='ocrx_word' id='word_1_749' title='bbox 3074 3817 3162 3878; x_wconf 83' lang='lat' dir='ltr'><strong>ad,</strong></span> <span class='ocrx_word' id='word_1_750' title='bbox 3185 3817 3386 3870; x_wconf 61' lang='lat' dir='ltr'><strong>saculo-</strong></span> 
     </span>
    </p>
   </div>
   <div class='ocr_carea' id='block_1_98' title="bbox 1796 3879 2369 3939">
    <p class='ocr_par' dir='ltr' id='par_1_98' title="bbox 1796 3879 2369 3939">
     <span class='ocr_line' id='line_1_101' title="bbox 1796 3879 2369 3939; baseline 0.002 -10"><span class='ocrx_word' id='word_1_751' title='bbox 1796 3890 1926 3939; x_wconf 79' lang='lat' dir='ltr'><strong>rttm,</strong></span> <span class='ocrx_word' id='word_1_752' title='bbox 1948 3891 2044 3928; x_wconf 87' lang='lat' dir='ltr'><strong>non</strong></span> <span class='ocrx_word' id='word_1_753' title='bbox 2069 3879 2252 3929; x_wconf 82' lang='lat' dir='ltr'><strong>habent</strong></span> <span class='ocrx_word' id='word_1_754' title='bbox 2266 3887 2369 3930; x_wconf 81' lang='lat' dir='ltr'><strong>Mss.</strong></span> 
     </span>
    </p>
   </div>
   <div class='ocr_carea' id='block_1_99' title="bbox 1239 4096 3422 4215">
    <p class='ocr_par' dir='ltr' id='par_1_99' title="bbox 1239 4096 3422 4215">
     <span class='ocr_line' id='line_1_102' title="bbox 1239 4096 3422 4215; baseline -0.007 1"><span class='ocrx_word' id='word_1_755' title='bbox 1239 4096 2284 4215; x_wconf 73' lang='lat' dir='ltr'><strong>ADMONITIO</strong></span> <span class='ocrx_word' id='word_1_756' title='bbox 3403 4147 3422 4198; x_wconf 67' lang='grc' dir='ltr'><strong>,ι</strong></span> 
     </span>
    </p>
   </div>
   <div class='ocr_carea' id='block_1_100' title="bbox 1196 4285 2311 4370">
    <p class='ocr_par' dir='ltr' id='par_1_100' title="bbox 1196 4285 2311 4370">
     <span class='ocr_line' id='line_1_103' title="bbox 1196 4285 2311 4370; baseline -0.006 -15"><span class='ocrx_word' id='word_1_757' title='bbox 1196 4293 1278 4356; x_wconf 86' lang='grc' dir='ltr'><strong>ΙΝ</strong></span> <span class='ocrx_word' id='word_1_758' title='bbox 1320 4290 1945 4370; x_wconf 65' lang='lat' dir='ltr'><strong>SMQUENTEM</strong></span> <span class='ocrx_word' id='word_1_759' title='bbox 1986 4285 2311 4350; x_wconf 79' lang='lat' dir='ltr'><strong>LIBRUM.</strong></span> 
     </span>
    </p>
   </div>
   <div class='ocr_carea' id='block_1_101' title="bbox 1657 4416 1917 4476">
    <p class='ocr_par' dir='ltr' id='par_1_101' title="bbox 1657 4416 1917 4476">
     <span class='ocr_line' id='line_1_104' title="bbox 1657 4416 1917 4476; baseline 0 -13"><span class='ocrx_word' id='word_1_760' title='bbox 1657 4416 1917 4476; x_wconf 62' lang='lat' dir='ltr'><strong>0W9</strong></span> 
     </span>
    </p>
   </div>
   <div class='ocr_carea' id='block_1_102' title="bbox 181 4549 3384 4630">
    <p class='ocr_par' dir='ltr' id='par_1_102' title="bbox 181 4549 3384 4630">
     <span class='ocr_line' id='line_1_105' title="bbox 181 4549 3384 4630; baseline -0.002 -17"><span class='ocrx_word' id='word_1_761' title='bbox 181 4553 419 4614; x_wconf 56' lang='lat' dir='ltr'><strong>“annale</strong></span> <span class='ocrx_word' id='word_1_762' title='bbox 438 4557 585 4614; x_wconf 87' lang='lat' dir='ltr'><strong>istud</strong></span> <span class='ocrx_word' id='word_1_763' title='bbox 615 4572 726 4614; x_wconf 88' lang='lat' dir='ltr'><strong>non</strong></span> <span class='ocrx_word' id='word_1_764' title='bbox 757 4558 1042 4630; x_wconf 76' lang='lat' dir='ltr'><strong>Augustini</strong></span> <span class='ocrx_word' id='word_1_765' title='bbox 1072 4567 1299 4628; x_wconf 89' lang='lat' dir='ltr'><strong>tantum,</strong></span> <span class='ocrx_word' id='word_1_766' title='bbox 1331 4560 1426 4616; x_wconf 91' lang='lat' dir='ltr'><strong>sed</strong></span> <span class='ocrx_word' id='word_1_767' title='bbox 1453 4560 1691 4616; x_wconf 85' lang='lat' dir='ltr'><strong>Anselmi</strong></span> <span class='ocrx_word' id='word_1_768' title='bbox 1719 4561 1902 4626; x_wconf 89' lang='lat' dir='ltr'><strong>etiam,</strong></span> <span class='ocrx_word' id='word_1_769' title='bbox 1937 4573 2098 4630; x_wconf 87' lang='lat' dir='ltr'><strong>penes</strong></span> <span class='ocrx_word' id='word_1_770' title='bbox 2122 4564 2328 4628; x_wconf 89' lang='lat' dir='ltr'><strong>partem</strong></span> <span class='ocrx_word' id='word_1_771' title='bbox 2357 4553 2612 4624; x_wconf 87' lang='lat' dir='ltr'><strong>aliquam,</strong></span> <span class='ocrx_word' id='word_1_772' title='bbox 2640 4560 2696 4608; x_wconf 88' lang='lat' dir='ltr'><strong>et</strong></span> <span class='ocrx_word' id='word_1_773' title='bbox 2731 4550 2967 4622; x_wconf 86' lang='lat' dir='ltr'><strong>Hugonis</strong></span> <span class='ocrx_word' id='word_1_774' title='bbox 2996 4549 3250 4605; x_wconf 81' lang='lat' dir='ltr'><strong>Victorini</strong></span> <span class='ocrx_word' id='word_1_775' title='bbox 3277 4565 3384 4606; x_wconf 91' lang='lat' dir='ltr'><strong>no-</strong></span> 
     </span>
    </p>
   </div>
   <div class='ocr_carea' id='block_1_103' title="bbox 130 4641 3387 4724">
    <p class='ocr_par' dir='ltr' id='par_1_103' title="bbox 130 4641 3387 4724">
     <span class='ocr_line' id='line_1_106' title="bbox 130 4641 3387 4724; baseline -0.001 -25"><span class='ocrx_word' id='word_1_776' title='bbox 130 4649 255 4704; x_wconf 72' lang='lat' dir='ltr'><strong>mine</strong></span> <span class='ocrx_word' id='word_1_777' title='bbox 279 4651 550 4722; x_wconf 86' lang='lat' dir='ltr'><strong>vulgatum</strong></span> <span class='ocrx_word' id='word_1_778' title='bbox 579 4660 685 4706; x_wconf 90' lang='lat' dir='ltr'><strong>est.</strong></span> <span class='ocrx_word' id='word_1_779' title='bbox 715 4650 903 4721; x_wconf 88' lang='lat' dir='ltr'><strong>Capita</strong></span> <span class='ocrx_word' id='word_1_780' title='bbox 937 4650 1142 4707; x_wconf 90' lang='lat' dir='ltr'><strong>scilicet</strong></span> <span class='ocrx_word' id='word_1_781' title='bbox 1171 4652 1351 4723; x_wconf 89' lang='lat' dir='ltr'><strong>viginti</strong></span> <span class='ocrx_word' id='word_1_782' title='bbox 1382 4662 1608 4724; x_wconf 88' lang='lat' dir='ltr'><strong>quatuor</strong></span> <span class='ocrx_word' id='word_1_783' title='bbox 1637 4653 1811 4724; x_wconf 87' lang='lat' dir='ltr'><strong>priora</strong></span> <span class='ocrx_word' id='word_1_784' title='bbox 1838 4658 2053 4707; x_wconf 81' lang='lat' dir='ltr'><strong>exstant</strong></span> <span class='ocrx_word' id='word_1_785' title='bbox 2098 4647 2240 4718; x_wconf 89' lang='lat' dir='ltr'><strong>apud</strong></span> <span class='ocrx_word' id='word_1_786' title='bbox 2278 4647 2552 4718; x_wconf 72' lang='lat' dir='ltr'><strong>nugonem</strong></span> <span class='ocrx_word' id='word_1_787' title='bbox 2585 4644 2638 4699; x_wconf 92' lang='lat' dir='ltr'><strong>in</strong></span> <span class='ocrx_word' id='word_1_788' title='bbox 2681 4642 2818 4698; x_wconf 89' lang='lat' dir='ltr'><strong>libro</strong></span> <span class='ocrx_word' id='word_1_789' title='bbox 2844 4641 2912 4698; x_wconf 89' lang='lat' dir='ltr'><strong>de</strong></span> <span class='ocrx_word' id='word_1_790' title='bbox 2939 4641 3133 4696; x_wconf 87' lang='lat' dir='ltr'><strong>Anima</strong></span> <span class='ocrx_word' id='word_1_791' title='bbox 3166 4651 3387 4710; x_wconf 90' lang='lat' dir='ltr'><strong>quarto.</strong></span> 
     </span>
    </p>
   </div>
   <div class='ocr_carea' id='block_1_104' title="bbox 125 4734 3393 4820">
    <p class='ocr_par' dir='ltr' id='par_1_104' title="bbox 125 4734 3393 4820">
     <span class='ocr_line' id='line_1_107' title="bbox 125 4734 3393 4820; baseline -0.004 -19"><span class='ocrx_word' id='word_1_792' title='bbox 125 4745 259 4812; x_wconf 75' lang='lat' dir='ltr'><strong>Apud</strong></span> <span class='ocrx_word' id='word_1_793' title='bbox 295 4748 615 4804; x_wconf 85' lang='lat' dir='ltr'><strong>Anselmum</strong></span> <span class='ocrx_word' id='word_1_794' title='bbox 639 4763 771 4804; x_wconf 86' lang='lat' dir='ltr'><strong>vero</strong></span> <span class='ocrx_word' id='word_1_795' title='bbox 794 4748 1096 4803; x_wconf 89' lang='lat' dir='ltr'><strong>orationem</strong></span> <span class='ocrx_word' id='word_1_796' title='bbox 1124 4757 1367 4818; x_wconf 87' lang='lat' dir='ltr'><strong>quartam</strong></span> <span class='ocrx_word' id='word_1_797' title='bbox 1394 4748 1657 4804; x_wconf 89' lang='lat' dir='ltr'><strong>decimam</strong></span> <span class='ocrx_word' id='word_1_798' title='bbox 1703 4747 1829 4820; x_wconf 90' lang='lat' dir='ltr'><strong>(cui</strong></span> <span class='ocrx_word' id='word_1_799' title='bbox 1857 4745 2083 4801; x_wconf 90' lang='lat' dir='ltr'><strong>orationi</strong></span> <span class='ocrx_word' id='word_1_800' title='bbox 2125 4743 2308 4798; x_wconf 89' lang='lat' dir='ltr'><strong>titulus</strong></span> <span class='ocrx_word' id='word_1_801' title='bbox 2339 4743 2453 4811; x_wconf 90' lang='lat' dir='ltr'><strong>ipse</strong></span> <span class='ocrx_word' id='word_1_802' title='bbox 2496 4737 2740 4794; x_wconf 79' lang='lat' dir='ltr'><strong>Manuale</strong></span> <span class='ocrx_word' id='word_1_803' title='bbox 2792 4734 3045 4806; x_wconf 64' lang='lat' dir='ltr'><strong>praefixus</strong></span> <span class='ocrx_word' id='word_1_804' title='bbox 3073 4734 3182 4804; x_wconf 90' lang='lat' dir='ltr'><strong>est)</strong></span> <span class='ocrx_word' id='word_1_805' title='bbox 3215 4734 3393 4804; x_wconf 84' lang='lat' dir='ltr'><strong>priora</strong></span> 
     </span>
    </p>
   </div>
   <div class='ocr_carea' id='block_1_105' title="bbox 128 4824 3395 4910">
    <p class='ocr_par' dir='ltr' id='par_1_105' title="bbox 128 4824 3395 4910">
     <span class='ocr_line' id='line_1_108' title="bbox 128 4824 3395 4910; baseline -0.004 -18"><span class='ocrx_word' id='word_1_806' title='bbox 128 4851 295 4892; x_wconf 72' lang='lat' dir='ltr'><strong>novem</strong></span> <span class='ocrx_word' id='word_1_807' title='bbox 327 4841 498 4910; x_wconf 86' lang='lat' dir='ltr'><strong>capita</strong></span> <span class='ocrx_word' id='word_1_808' title='bbox 532 4841 845 4896; x_wconf 77' lang='lat' dir='ltr'><strong>coniiciunt.</strong></span> <span class='ocrx_word' id='word_1_809' title='bbox 886 4841 1213 4910; x_wconf 88' lang='lat' dir='ltr'><strong>Opnsculum</strong></span> <span class='ocrx_word' id='word_1_810' title='bbox 1251 4841 1412 4894; x_wconf 88' lang='lat' dir='ltr'><strong>variis</strong></span> <span class='ocrx_word' id='word_1_811' title='bbox 1453 4855 1522 4894; x_wconf 87' lang='lat' dir='ltr'><strong>ex</strong></span> <span class='ocrx_word' id='word_1_812' title='bbox 1551 4840 1684 4893; x_wconf 89' lang='lat' dir='ltr'><strong>locis</strong></span> <span class='ocrx_word' id='word_1_813' title='bbox 1717 4839 1932 4908; x_wconf 87' lang='lat' dir='ltr'><strong>collegit</strong></span> <span class='ocrx_word' id='word_1_814' title='bbox 1961 4837 2209 4891; x_wconf 83' lang='lat' dir='ltr'><strong>incertus</strong></span> <span class='ocrx_word' id='word_1_815' title='bbox 2234 4841 2421 4888; x_wconf 84' lang='lat' dir='ltr'><strong>auctor</strong></span> <span class='ocrx_word' id='word_1_816' title='bbox 2441 4872 2455 4896; x_wconf 93' lang='lat'><strong>,</strong></span> <span class='ocrx_word' id='word_1_817' title='bbox 2485 4829 2626 4884; x_wconf 90' lang='lat' dir='ltr'><strong>idem</strong></span> <span class='ocrx_word' id='word_1_818' title='bbox 2657 4827 2746 4882; x_wconf 89' lang='lat' dir='ltr'><strong>ille</strong></span> <span class='ocrx_word' id='word_1_819' title='bbox 2778 4824 2999 4880; x_wconf 80' lang='lat' dir='ltr'><strong>forsitan</strong></span> <span class='ocrx_word' id='word_1_820' title='bbox 3024 4825 3178 4893; x_wconf 90' lang='lat' dir='ltr'><strong>cujus</strong></span> <span class='ocrx_word' id='word_1_821' title='bbox 3217 4825 3395 4879; x_wconf 89' lang='lat' dir='ltr'><strong>studio</strong></span> 
     </span>
    </p>
   </div>
   <div class='ocr_carea' id='block_1_106' title="bbox 133 4916 3395 5002">
    <p class='ocr_par' dir='ltr' id='par_1_106' title="bbox 133 4916 3395 5002">
     <span class='ocr_line' id='line_1_109' title="bbox 133 4916 3395 5002; baseline -0.003 -22"><span class='ocrx_word' id='word_1_822' title='bbox 133 4933 413 4998; x_wconf 78' lang='lat' dir='ltr'><strong>superiores</strong></span> <span class='ocrx_word' id='word_1_823' title='bbox 440 4934 648 5002; x_wconf 90' lang='lat' dir='ltr'><strong>aliquot</strong></span> <span class='ocrx_word' id='word_1_824' title='bbox 673 4932 860 4996; x_wconf 91' lang='lat' dir='ltr'><strong>libros,</strong></span> <span class='ocrx_word' id='word_1_825' title='bbox 895 4931 1150 4985; x_wconf 89' lang='lat' dir='ltr'><strong>nimirum</strong></span> <span class='ocrx_word' id='word_1_826' title='bbox 1179 4931 1248 4986; x_wconf 90' lang='lat' dir='ltr'><strong>de</strong></span> <span class='ocrx_word' id='word_1_827' title='bbox 1286 4930 1489 5001; x_wconf 82' lang='lat' dir='ltr'><strong>Spiritu</strong></span> <span class='ocrx_word' id='word_1_828' title='bbox 1520 4940 1573 4986; x_wconf 89' lang='lat' dir='ltr'><strong>et</strong></span> <span class='ocrx_word' id='word_1_829' title='bbox 1596 4931 1788 4985; x_wconf 82' lang='lat' dir='ltr'><strong>Anima</strong></span> <span class='ocrx_word' id='word_1_830' title='bbox 1817 4937 1871 4983; x_wconf 91' lang='lat' dir='ltr'><strong>et</strong></span> <span class='ocrx_word' id='word_1_831' title='bbox 1897 4929 1963 4982; x_wconf 88' lang='lat' dir='ltr'><strong>de</strong></span> <span class='ocrx_word' id='word_1_832' title='bbox 1989 4925 2266 4996; x_wconf 87' lang='lat' dir='ltr'><strong>Diligendo</strong></span> <span class='ocrx_word' id='word_1_833' title='bbox 2297 4924 2407 4978; x_wconf 89' lang='lat' dir='ltr'><strong>Deo</strong></span> <span class='ocrx_word' id='word_1_834' title='bbox 2435 4923 2729 4994; x_wconf 86' lang='lat' dir='ltr'><strong>(quantum</strong></span> <span class='ocrx_word' id='word_1_835' title='bbox 2761 4917 2976 4988; x_wconf 89' lang='lat' dir='ltr'><strong>quidem</strong></span> <span class='ocrx_word' id='word_1_836' title='bbox 3015 4916 3145 4985; x_wconf 90' lang='lat' dir='ltr'><strong>ipsis</strong></span> <span class='ocrx_word' id='word_1_837' title='bbox 3173 4930 3395 4986; x_wconf 87' lang='lat' dir='ltr'><strong>compa-</strong></span> 
     </span>
    </p>
   </div>
   <div class='ocr_carea' id='block_1_107' title="bbox 131 5010 3394 5094">
    <p class='ocr_par' dir='ltr' id='par_1_107' title="bbox 131 5010 3394 5094">
     <span class='ocr_line' id='line_1_110' title="bbox 131 5010 3394 5094; baseline -0.002 -23"><span class='ocrx_word' id='word_1_838' title='bbox 131 5024 242 5076; x_wconf 75' lang='lat' dir='ltr'><strong>mtis</strong></span> <span class='ocrx_word' id='word_1_839' title='bbox 279 5026 415 5081; x_wconf 84' lang='lat' dir='ltr'><strong>inter</strong></span> <span class='ocrx_word' id='word_1_840' title='bbox 443 5041 504 5081; x_wconf 89' lang='lat' dir='ltr'><strong>se</strong></span> <span class='ocrx_word' id='word_1_841' title='bbox 548 5024 827 5094; x_wconf 91' lang='lat' dir='ltr'><strong>opusculis</strong></span> <span class='ocrx_word' id='word_1_842' title='bbox 865 5023 1230 5093; x_wconf 87' lang='lat' dir='ltr'><strong>conjecturam</strong></span> <span class='ocrx_word' id='word_1_843' title='bbox 1260 5023 1432 5078; x_wconf 81' lang='lat' dir='ltr'><strong>facere</strong></span> <span class='ocrx_word' id='word_1_844' title='bbox 1465 5022 1621 5092; x_wconf 88' lang='lat' dir='ltr'><strong>licet)</strong></span> <span class='ocrx_word' id='word_1_845' title='bbox 1649 5022 1975 5092; x_wconf 82' lang='lat' dir='ltr'><strong>compositos</strong></span> <span class='ocrx_word' id='word_1_846' title='bbox 2006 5020 2308 5089; x_wconf 84' lang='lat' dir='ltr'><strong>opinamur.</strong></span> <span class='ocrx_word' id='word_1_847' title='bbox 2351 5012 2634 5086; x_wconf 82' lang='lat' dir='ltr'><strong>Augustini</strong></span> <span class='ocrx_word' id='word_1_848' title='bbox 2658 5011 2800 5066; x_wconf 87' lang='lat' dir='ltr'><strong>dicta</strong></span> <span class='ocrx_word' id='word_1_849' title='bbox 2832 5010 3055 5065; x_wconf 87' lang='lat' dir='ltr'><strong>adhibet</strong></span> <span class='ocrx_word' id='word_1_850' title='bbox 3081 5010 3166 5064; x_wconf 91' lang='lat' dir='ltr'><strong>hic</strong></span> <span class='ocrx_word' id='word_1_851' title='bbox 3199 5010 3350 5080; x_wconf 88' lang='lat' dir='ltr'><strong>plura</strong></span> <span class='ocrx_word' id='word_1_852' title='bbox 3377 5050 3394 5076; x_wconf 92' lang='lat'><strong>,</strong></span> 
     </span>
    </p>
   </div>
   <div class='ocr_carea' id='block_1_108' title="bbox 135 5099 3398 5188">
    <p class='ocr_par' dir='ltr' id='par_1_108' title="bbox 135 5099 3398 5188">
     <span class='ocr_line' id='line_1_111' title="bbox 135 5099 3398 5188; baseline -0.002 -26"><span class='ocrx_word' id='word_1_853' title='bbox 135 5126 315 5169; x_wconf 75' lang='lat' dir='ltr'><strong>necnon</strong></span> <span class='ocrx_word' id='word_1_854' title='bbox 338 5115 595 5188; x_wconf 86' lang='lat' dir='ltr'><strong>Cypriani</strong></span> <span class='ocrx_word' id='word_1_855' title='bbox 617 5113 885 5186; x_wconf 72' lang='lat' dir='ltr'><strong>qumdam,</strong></span> <span class='ocrx_word' id='word_1_856' title='bbox 917 5123 970 5168; x_wconf 93' lang='lat' dir='ltr'><strong>et</strong></span> <span class='ocrx_word' id='word_1_857' title='bbox 992 5111 1237 5184; x_wconf 89' lang='lat' dir='ltr'><strong>Gregorii</strong></span> <span class='ocrx_word' id='word_1_858' title='bbox 1257 5129 1320 5168; x_wconf 89' lang='lat' dir='ltr'><strong>ac</strong></span> <span class='ocrx_word' id='word_1_859' title='bbox 1351 5112 1573 5178; x_wconf 89' lang='lat' dir='ltr'><strong>lsidori;</strong></span> <span class='ocrx_word' id='word_1_860' title='bbox 1615 5112 1709 5168; x_wconf 90' lang='lat' dir='ltr'><strong>sed</strong></span> <span class='ocrx_word' id='word_1_861' title='bbox 1757 5111 1933 5182; x_wconf 91' lang='lat' dir='ltr'><strong>qualia</strong></span> <span class='ocrx_word' id='word_1_862' title='bbox 1989 5109 2168 5163; x_wconf 84' lang='lat' dir='ltr'><strong>hausit</strong></span> <span class='ocrx_word' id='word_1_863' title='bbox 2195 5123 2300 5162; x_wconf 92' lang='lat' dir='ltr'><strong>non</strong></span> <span class='ocrx_word' id='word_1_864' title='bbox 2331 5121 2363 5160; x_wconf 93' lang='lat' dir='ltr'><strong>a</strong></span> <span class='ocrx_word' id='word_1_865' title='bbox 2390 5103 2660 5176; x_wconf 87' lang='lat' dir='ltr'><strong>germanis</strong></span> <span class='ocrx_word' id='word_1_866' title='bbox 2699 5099 2937 5157; x_wconf 87' lang='lat' dir='ltr'><strong>fontibus</strong></span> <span class='ocrx_word' id='word_1_867' title='bbox 2965 5139 2980 5167; x_wconf 91' lang='lat'><strong>,</strong></span> <span class='ocrx_word' id='word_1_868' title='bbox 3018 5099 3114 5155; x_wconf 89' lang='lat' dir='ltr'><strong>sed</strong></span> <span class='ocrx_word' id='word_1_869' title='bbox 3151 5115 3180 5153; x_wconf 89' lang='lat' dir='ltr'><strong>a</strong></span> <span class='ocrx_word' id='word_1_870' title='bbox 3211 5101 3398 5154; x_wconf 91' lang='lat' dir='ltr'><strong>rivulis</strong></span> 
     </span>
    </p>
   </div>
   <div class='ocr_carea' id='block_1_109' title="bbox 135 5193 3395 5278">
    <p class='ocr_par' dir='ltr' id='par_1_109' title="bbox 135 5193 3395 5278">
     <span class='ocr_line' id='line_1_112' title="bbox 135 5193 3395 5278; baseline -0.003 -22"><span class='ocrx_word' id='word_1_871' title='bbox 135 5206 287 5261; x_wconf 84' lang='lat' dir='ltr'><strong>minus</strong></span> <span class='ocrx_word' id='word_1_872' title='bbox 311 5209 477 5278; x_wconf 91' lang='lat' dir='ltr'><strong>puris.</strong></span> <span class='ocrx_word' id='word_1_873' title='bbox 511 5207 752 5262; x_wconf 84' lang='lat' dir='ltr'><strong>Primam</strong></span> <span class='ocrx_word' id='word_1_874' title='bbox 774 5221 967 5276; x_wconf 89' lang='lat' dir='ltr'><strong>nempe</strong></span> <span class='ocrx_word' id='word_1_875' title='bbox 993 5204 1251 5261; x_wconf 79' lang='lat' dir='ltr'><strong>Manuatis</strong></span> <span class='ocrx_word' id='word_1_876' title='bbox 1278 5214 1504 5276; x_wconf 90' lang='lat' dir='ltr'><strong>partem,</strong></span> <span class='ocrx_word' id='word_1_877' title='bbox 1538 5204 1592 5260; x_wconf 91' lang='lat' dir='ltr'><strong>id</strong></span> <span class='ocrx_word' id='word_1_878' title='bbox 1619 5215 1701 5260; x_wconf 91' lang='lat' dir='ltr'><strong>est</strong></span> <span class='ocrx_word' id='word_1_879' title='bbox 1726 5205 2002 5276; x_wconf 82' lang='lat' dir='ltr'><strong>prologum</strong></span> <span class='ocrx_word' id='word_1_880' title='bbox 2035 5209 2089 5258; x_wconf 91' lang='lat' dir='ltr'><strong>et</strong></span> <span class='ocrx_word' id='word_1_881' title='bbox 2123 5201 2358 5272; x_wconf 89' lang='lat' dir='ltr'><strong>primum</strong></span> <span class='ocrx_word' id='word_1_882' title='bbox 2385 5213 2447 5253; x_wconf 91' lang='lat' dir='ltr'><strong>ac</strong></span> <span class='ocrx_word' id='word_1_883' title='bbox 2469 5194 2766 5254; x_wconf 89' lang='lat' dir='ltr'><strong>secundum</strong></span> <span class='ocrx_word' id='word_1_884' title='bbox 2796 5201 2957 5265; x_wconf 89' lang='lat' dir='ltr'><strong>caput</strong></span> <span class='ocrx_word' id='word_1_885' title='bbox 2984 5193 3271 5263; x_wconf 87' lang='lat' dir='ltr'><strong>descripsit</strong></span> <span class='ocrx_word' id='word_1_886' title='bbox 3297 5209 3395 5247; x_wconf 86' lang='lat' dir='ltr'><strong>au-</strong></span> 
     </span>
    </p>
   </div>
   <div class='ocr_carea' id='block_1_110' title="bbox 133 5285 3388 5372">
    <p class='ocr_par' dir='ltr' id='par_1_110' title="bbox 133 5285 3388 5372">
     <span class='ocr_line' id='line_1_113' title="bbox 133 5285 3388 5372; baseline -0.003 -20"><span class='ocrx_word' id='word_1_887' title='bbox 133 5308 229 5352; x_wconf 81' lang='lat' dir='ltr'><strong>.ttor</strong></span> <span class='ocrx_word' id='word_1_888' title='bbox 269 5318 332 5356; x_wconf 84' lang='lat' dir='ltr'><strong>ex</strong></span> <span class='ocrx_word' id='word_1_889' title='bbox 372 5302 513 5357; x_wconf 83' lang='lat' dir='ltr'><strong>libro</strong></span> <span class='ocrx_word' id='word_1_890' title='bbox 539 5302 788 5372; x_wconf 82' lang='lat' dir='ltr'><strong>proxime</strong></span> <span class='ocrx_word' id='word_1_891' title='bbox 835 5298 923 5353; x_wconf 91' lang='lat' dir='ltr'><strong>hic</strong></span> <span class='ocrx_word' id='word_1_892' title='bbox 943 5307 1212 5365; x_wconf 89' lang='lat' dir='ltr'><strong>secuturo,</strong></span> <span class='ocrx_word' id='word_1_893' title='bbox 1241 5300 1384 5370; x_wconf 90' lang='lat' dir='ltr'><strong>quod</strong></span> <span class='ocrx_word' id='word_1_894' title='bbox 1419 5298 1705 5370; x_wconf 88' lang='lat' dir='ltr'><strong>Speculum</strong></span> <span class='ocrx_word' id='word_1_895' title='bbox 1731 5297 2049 5368; x_wconf 88' lang='lat' dir='ltr'><strong>appellatur.</strong></span> <span class='ocrx_word' id='word_1_896' title='bbox 2084 5296 2322 5350; x_wconf 86' lang='lat' dir='ltr'><strong>Alteram</strong></span> <span class='ocrx_word' id='word_1_897' title='bbox 2365 5300 2570 5362; x_wconf 85' lang='lat' dir='ltr'><strong>partem</strong></span> <span class='ocrx_word' id='word_1_898' title='bbox 2599 5305 2631 5346; x_wconf 92' lang='lat' dir='ltr'><strong>a</strong></span> <span class='ocrx_word' id='word_1_899' title='bbox 2654 5289 2833 5360; x_wconf 88' lang='lat' dir='ltr'><strong>capite</strong></span> <span class='ocrx_word' id='word_1_900' title='bbox 2863 5288 3020 5344; x_wconf 75' lang='lat' dir='ltr'><strong>tertio</strong></span> <span class='ocrx_word' id='word_1_901' title='bbox 3046 5285 3114 5342; x_wconf 86' lang='lat' dir='ltr'><strong>ad</strong></span> <span class='ocrx_word' id='word_1_902' title='bbox 3155 5285 3388 5341; x_wconf 85' lang='lat' dir='ltr'><strong>medium</strong></span> 
     </span>
    </p>
   </div>
   <div class='ocr_carea' id='block_1_111' title="bbox 132 5379 3396 5468">
    <p class='ocr_par' dir='ltr' id='par_1_111' title="bbox 132 5379 3396 5468">
     <span class='ocr_line' id='line_1_114' title="bbox 132 5379 3396 5468; baseline -0.002 -26"><span class='ocrx_word' id='word_1_903' title='bbox 132 5392 318 5450; x_wconf 85' lang='lat' dir='ltr'><strong>circiter</strong></span> <span class='ocrx_word' id='word_1_904' title='bbox 343 5406 506 5468; x_wconf 89' lang='lat' dir='ltr'><strong>caput</strong></span> <span class='ocrx_word' id='word_1_905' title='bbox 541 5392 924 5450; x_wconf 90' lang='lat' dir='ltr'><strong>duodecimum</strong></span> <span class='ocrx_word' id='word_1_906' title='bbox 954 5390 1220 5463; x_wconf 88' lang='lat' dir='ltr'><strong>decerpsit</strong></span> <span class='ocrx_word' id='word_1_907' title='bbox 1259 5408 1323 5448; x_wconf 84' lang='lat' dir='ltr'><strong>ex</strong></span> <span class='ocrx_word' id='word_1_908' title='bbox 1351 5391 1598 5446; x_wconf 88' lang='lat' dir='ltr'><strong>oratione</strong></span> <span class='ocrx_word' id='word_1_909' title='bbox 1625 5390 1853 5461; x_wconf 89' lang='lat' dir='ltr'><strong>quadam</strong></span> <span class='ocrx_word' id='word_1_910' title='bbox 1895 5390 2095 5446; x_wconf 89' lang='lat' dir='ltr'><strong>inedita</strong></span> <span class='ocrx_word' id='word_1_911' title='bbox 2147 5387 2344 5444; x_wconf 89' lang='lat' dir='ltr'><strong>veteris</strong></span> <span class='ocrx_word' id='word_1_912' title='bbox 2370 5385 2574 5442; x_wconf 89' lang='lat' dir='ltr'><strong>codicis</strong></span> <span class='ocrx_word' id='word_1_913' title='bbox 2601 5381 2880 5440; x_wconf 81' lang='lat' dir='ltr'><strong>Mettensis</strong></span> <span class='ocrx_word' id='word_1_914' title='bbox 2908 5379 3111 5435; x_wconf 89' lang='lat' dir='ltr'><strong>laudati</strong></span> <span class='ocrx_word' id='word_1_915' title='bbox 3140 5394 3300 5449; x_wconf 89' lang='lat' dir='ltr'><strong>supra</strong></span> <span class='ocrx_word' id='word_1_916' title='bbox 3339 5381 3396 5435; x_wconf 87' lang='lat' dir='ltr'><strong>in</strong></span> 
     </span>
    </p>
   </div>
   <div class='ocr_carea' id='block_1_112' title="bbox 146 5471 3387 5555">
    <p class='ocr_par' dir='ltr' id='par_1_112' title="bbox 146 5471 3387 5555">
     <span class='ocr_line' id='line_1_115' title="bbox 146 5471 3387 5555; baseline -0.003 -18"><span class='ocrx_word' id='word_1_917' title='bbox 146 5483 482 5545; x_wconf 71' lang='lat' dir='ltr'><strong>idmonitione</strong></span> <span class='ocrx_word' id='word_1_918' title='bbox 510 5487 580 5542; x_wconf 88' lang='lat' dir='ltr'><strong>ad</strong></span> <span class='ocrx_word' id='word_1_919' title='bbox 610 5483 1016 5540; x_wconf 77' lang='lat' dir='ltr'><strong>Meditationum</strong></span> <span class='ocrx_word' id='word_1_920' title='bbox 1047 5484 1238 5539; x_wconf 92' lang='lat' dir='ltr'><strong>librum</strong></span> <span class='ocrx_word' id='word_1_921' title='bbox 1268 5526 1283 5552; x_wconf 93' lang='lat'><strong>,</strong></span> <span class='ocrx_word' id='word_1_922' title='bbox 1316 5499 1432 5555; x_wconf 72' lang='lat' dir='ltr'><strong>qua:</strong></span> <span class='ocrx_word' id='word_1_923' title='bbox 1479 5483 1650 5537; x_wconf 88' lang='lat' dir='ltr'><strong>oratio</strong></span> <span class='ocrx_word' id='word_1_924' title='bbox 1693 5483 1746 5537; x_wconf 93' lang='lat' dir='ltr'><strong>in</strong></span> <span class='ocrx_word' id='word_1_925' title='bbox 1788 5497 1852 5537; x_wconf 92' lang='lat' dir='ltr'><strong>eo</strong></span> <span class='ocrx_word' id='word_1_926' title='bbox 1880 5482 2062 5537; x_wconf 88' lang='lat' dir='ltr'><strong>codice</strong></span> <span class='ocrx_word' id='word_1_927' title='bbox 2111 5480 2334 5536; x_wconf 89' lang='lat' dir='ltr'><strong>Joannis</strong></span> <span class='ocrx_word' id='word_1_928' title='bbox 2383 5477 2780 5534; x_wconf 86' lang='lat' dir='ltr'><strong>Fiscamnensis</strong></span> <span class='ocrx_word' id='word_1_929' title='bbox 2816 5489 3004 5546; x_wconf 89' lang='lat' dir='ltr'><strong>preces</strong></span> <span class='ocrx_word' id='word_1_930' title='bbox 3030 5481 3085 5529; x_wconf 88' lang='lat' dir='ltr'><strong>et</strong></span> <span class='ocrx_word' id='word_1_931' title='bbox 3133 5471 3387 5527; x_wconf 87' lang='lat' dir='ltr'><strong>Willelmi</strong></span> 
     </span>
    </p>
   </div>
   <div class='ocr_carea' id='block_1_113' title="bbox 142 5565 3392 5648">
    <p class='ocr_par' dir='ltr' id='par_1_113' title="bbox 142 5565 3392 5648">
     <span class='ocr_line' id='line_1_116' title="bbox 142 5565 3392 5648; baseline -0.005 -14"><span class='ocrx_word' id='word_1_932' title='bbox 142 5578 307 5636; x_wconf 75' lang='lat' dir='ltr'><strong>abbatis</strong></span> <span class='ocrx_word' id='word_1_933' title='bbox 330 5583 650 5640; x_wconf 82' lang='lat' dir='ltr'><strong>continente</strong></span> <span class='ocrx_word' id='word_1_934' title='bbox 679 5577 956 5648; x_wconf 89' lang='lat' dir='ltr'><strong>reperitur</strong></span> <span class='ocrx_word' id='word_1_935' title='bbox 981 5577 1078 5633; x_wconf 92' lang='lat' dir='ltr'><strong>sub</strong></span> <span class='ocrx_word' id='word_1_936' title='bbox 1109 5579 1210 5632; x_wconf 89' lang='lat' dir='ltr'><strong>hoc</strong></span> <span class='ocrx_word' id='word_1_937' title='bbox 1246 5578 1420 5644; x_wconf 85' lang='lat' dir='ltr'><strong>titulo,</strong></span> <span class='ocrx_word' id='word_1_938' title='bbox 1459 5596 1476 5628; x_wconf 75' lang='grc' dir='ltr'>ι</span> <span class='ocrx_word' id='word_1_939' title='bbox 1511 5576 1686 5630; x_wconf 82' lang='lat' dir='ltr'><strong>Oratio</strong></span> <span class='ocrx_word' id='word_1_940' title='bbox 1708 5575 1889 5630; x_wconf 80' lang='lat' dir='ltr'><strong>decora</strong></span> <span class='ocrx_word' id='word_1_941' title='bbox 1910 5576 2183 5644; x_wconf 79' lang='lat' dir='ltr'><strong>compilata</strong></span> <span class='ocrx_word' id='word_1_942' title='bbox 2208 5590 2296 5644; x_wconf 85' lang='lat' dir='ltr'><strong>per</strong></span> <span class='ocrx_word' id='word_1_943' title='bbox 2315 5572 2812 5642; x_wconf 82' lang='lat' dir='ltr'><strong>contemplationem,</strong></span> <span class='ocrx_word' id='word_1_944' title='bbox 2843 5568 2922 5623; x_wconf 77' lang='lat' dir='ltr'><strong>vel</strong></span> <span class='ocrx_word' id='word_1_945' title='bbox 2961 5566 3228 5622; x_wconf 79' lang='lat' dir='ltr'><strong>Meditatio</strong></span> <span class='ocrx_word' id='word_1_946' title='bbox 3252 5565 3392 5618; x_wconf 81' lang='lat' dir='ltr'><strong>theo-</strong></span> 
     </span>
    </p>
   </div>
   <div class='ocr_carea' id='block_1_114' title="bbox 139 5655 3394 5738">
    <p class='ocr_par' dir='ltr' id='par_1_114' title="bbox 139 5655 3394 5738">
     <span class='ocr_line' id='line_1_117' title="bbox 139 5655 3394 5738; baseline -0.006 -12"><span class='ocrx_word' id='word_1_947' title='bbox 139 5672 234 5728; x_wconf 79' lang='lat' dir='ltr'><strong>tica.</strong></span> <span class='ocrx_word' id='word_1_948' title='bbox 262 5695 279 5728; x_wconf 79' lang='grc' dir='ltr'><strong>ι</strong></span> <span class='ocrx_word' id='word_1_949' title='bbox 311 5676 419 5732; x_wconf 77' lang='lat' dir='ltr'><strong>[iac</strong></span> <span class='ocrx_word' id='word_1_950' title='bbox 447 5683 606 5730; x_wconf 89' lang='lat' dir='ltr'><strong>certe</strong></span> <span class='ocrx_word' id='word_1_951' title='bbox 637 5672 691 5726; x_wconf 90' lang='lat' dir='ltr'><strong>in</strong></span> <span class='ocrx_word' id='word_1_952' title='bbox 719 5671 966 5726; x_wconf 89' lang='lat' dir='ltr'><strong>oratione</strong></span> <span class='ocrx_word' id='word_1_953' title='bbox 994 5670 1271 5725; x_wconf 81' lang='lat' dir='ltr'><strong>sententia:</strong></span> <span class='ocrx_word' id='word_1_954' title='bbox 1306 5669 1573 5738; x_wconf 89' lang='lat' dir='ltr'><strong>pleniores</strong></span> <span class='ocrx_word' id='word_1_955' title='bbox 1618 5683 1775 5738; x_wconf 86' lang='lat' dir='ltr'><strong>quam</strong></span> <span class='ocrx_word' id='word_1_956' title='bbox 1819 5667 1870 5720; x_wconf 92' lang='lat' dir='ltr'><strong>in</strong></span> <span class='ocrx_word' id='word_1_957' title='bbox 1916 5667 2273 5736; x_wconf 82' lang='lat' dir='ltr'><strong>subsequente</strong></span> <span class='ocrx_word' id='word_1_958' title='bbox 2306 5665 2393 5719; x_wconf 91' lang='lat' dir='ltr'><strong>hic</strong></span> <span class='ocrx_word' id='word_1_959' title='bbox 2419 5663 2645 5718; x_wconf 81' lang='lat' dir='ltr'><strong>Manuali</strong></span> <span class='ocrx_word' id='word_1_960' title='bbox 2689 5669 2814 5716; x_wconf 87' lang='lat' dir='ltr'><strong>sunt</strong></span> <span class='ocrx_word' id='word_1_961' title='bbox 2843 5699 2858 5726; x_wconf 92' lang='lat'><strong>,</strong></span> <span class='ocrx_word' id='word_1_962' title='bbox 2891 5668 2944 5712; x_wconf 86' lang='lat' dir='ltr'><strong>et</strong></span> <span class='ocrx_word' id='word_1_963' title='bbox 2974 5656 3140 5726; x_wconf 83' lang='lat' dir='ltr'><strong>magis</strong></span> <span class='ocrx_word' id='word_1_964' title='bbox 3165 5655 3394 5711; x_wconf 88' lang='lat' dir='ltr'><strong>invicem</strong></span> 
     </span>
    </p>
   </div>
   <div class='ocr_carea' id='block_1_115' title="bbox 135 5749 3396 5841">
    <p class='ocr_par' dir='ltr' id='par_1_115' title="bbox 135 5749 3396 5841">
     <span class='ocr_line' id='line_1_118' title="bbox 135 5749 3396 5841; baseline -0.006 -16"><span class='ocrx_word' id='word_1_965' title='bbox 135 5771 434 5830; x_wconf 66' lang='lat' dir='ltr'><strong>coherentes</strong></span> <span class='ocrx_word' id='word_1_966' title='bbox 467 5790 478 5825; x_wconf 93' lang='lat'><strong>:</strong></span> <span class='ocrx_word' id='word_1_967' title='bbox 508 5766 657 5841; x_wconf 89' lang='lat' dir='ltr'><strong>quod</strong></span> <span class='ocrx_word' id='word_1_968' title='bbox 687 5773 1009 5836; x_wconf 86' lang='lat' dir='ltr'><strong>argumento</strong></span> <span class='ocrx_word' id='word_1_969' title='bbox 1031 5771 1112 5820; x_wconf 88' lang='lat' dir='ltr'><strong>est</strong></span> <span class='ocrx_word' id='word_1_970' title='bbox 1149 5764 1446 5821; x_wconf 86' lang='lat' dir='ltr'><strong>orationem</strong></span> <span class='ocrx_word' id='word_1_971' title='bbox 1473 5778 1582 5819; x_wconf 89' lang='lat' dir='ltr'><strong>non</strong></span> <span class='ocrx_word' id='word_1_972' title='bbox 1607 5767 1869 5832; x_wconf 86' lang='lat' dir='ltr'><strong>sumptam</strong></span> <span class='ocrx_word' id='word_1_973' title='bbox 1892 5775 2010 5816; x_wconf 88' lang='lat' dir='ltr'><strong>esse</strong></span> <span class='ocrx_word' id='word_1_974' title='bbox 2037 5775 2100 5816; x_wconf 69' lang='lat' dir='ltr'><strong>ex</strong></span> <span class='ocrx_word' id='word_1_975' title='bbox 2132 5761 2248 5830; x_wconf 87' lang='lat' dir='ltr'><strong>ipso</strong></span> <span class='ocrx_word' id='word_1_976' title='bbox 2275 5757 2502 5815; x_wconf 88' lang='lat' dir='ltr'><strong>Manuati</strong></span> <span class='ocrx_word' id='word_1_977' title='bbox 2533 5797 2548 5824; x_wconf 96' lang='lat'><strong>,</strong></span> <span class='ocrx_word' id='word_1_978' title='bbox 2595 5753 2687 5810; x_wconf 88' lang='lat' dir='ltr'><strong>sed</strong></span> <span class='ocrx_word' id='word_1_979' title='bbox 2717 5759 2927 5808; x_wconf 87' lang='lat' dir='ltr'><strong>contra.</strong></span> <span class='ocrx_word' id='word_1_980' title='bbox 2958 5749 3114 5819; x_wconf 78' lang='lat' dir='ltr'><strong>Nam,</strong></span> <span class='ocrx_word' id='word_1_981' title='bbox 3156 5749 3396 5822; x_wconf 80' lang='lat' dir='ltr'><strong>exempti</strong></span> 
     </span>
    </p>
   </div>
   <div class='ocr_carea' id='block_1_116' title="bbox 3375 5922 3452 5952">
    <p class='ocr_par' dir='ltr' id='par_1_116' title="bbox 3375 5922 3452 5952">
     <span class='ocr_line' id='line_1_119' title="bbox 3375 5922 3452 5952; baseline 0 0"><span class='ocrx_word' id='word_1_982' title='bbox 3375 5922 3388 5944; x_wconf 58' lang='grc' dir='ltr'>ί</span> <span class='ocrx_word' id='word_1_983' title='bbox 3421 5936 3452 5952; x_wconf 76' lang='lat'><strong>\.</strong></span> 
     </span>
    </p>
   </div>
  </div>
