3804 6358
428 247 532 307 θῧί
1331 261 1336 267 ·
1882 240 1980 297 ΑΡ]

2205 237 2243 293 ἱ.
3599 241 3686 301 95ὶ

435 367 636 439 gratia,
668 364 809 439 quod
846 364 934 420 hic
973 361 1287 436 compendio
1333 363 1545 433 ponitur
1581 359 1634 416 in
1671 373 1788 429 cap.
1827 357 1861 412 4
1889 374 1901 410 :
1936 357 2187 425 Repauset
2213 354 2266 408 in
2298 359 2346 408 te
2380 367 2467 406 cor
2503 366 2693 419 ηιεωη,
2721 356 2849 418 ete.,
2880 350 3188 423 explicatur
3214 349 3268 429 in
3288 350 3442 408 dicta
3462 356 3684 414 oratione

433 460 629 516 melius
657 468 711 514 et
729 457 938 528 plenius
957 457 1010 512 in
1034 457 1176 512 hunc
1196 455 1412 512 modum
1441 471 1454 508 :
1487 453 1736 525 Repauset
1756 452 1808 505 in
1834 459 1880 504 te
1915 465 2002 502 cor
2019 463 2201 512 meum,
2227 463 2314 500 cor
2340 461 2480 501 mare
2522 460 2764 516 maguum
2786 452 2981 500 tumens
3004 443 3241 516 fluctibus
3264 447 3540 517 superbire.
3575 448 3687 515 Quia

442 553 715 624 (fortasse,
744 548 867 624 Qui)
917 549 1175 619 imperasti
1202 547 1357 602 uentis
1383 557 1429 602 et
1453 546 1581 600 mari
1603 586 1619 612 ,
1654 544 1846 614 impera
1867 541 1910 596 ei
1941 548 1993 594 ut
2019 539 2291 610 tranquilla
2337 538 2464 608 ﬁant
2497 538 2667 592 omnia
2693 537 2933 594 interiora
2957 555 3088 606 mea,
3129 550 3375 609 quatenus
3415 541 3563 596 dulce
3582 562 3690 616 gau.

435 646 581 700 dium
605 659 770 698 meum
791 643 928 714 quod
946 643 1111 697 esurio
1140 652 1188 696 et
1211 641 1326 696 sitio
1341 681 1354 707 ,
1379 638 1688 710 contempler
1709 647 1756 692 te
1777 637 1886 691 sine
1909 633 2160 688 interioris
2185 632 2400 687 hominis
2422 633 2636 703 strepitu
2659 672 2676 696 ,
2703 632 2812 688 sine
2835 648 3104 688 causarum
3129 634 3505 691 mundanarum
3529 642 3692 694 tumul-

434 747 512 790 tu.
560 734 691 788 Ecce
727 734 923 787 animus
957 749 1094 787 meus
1118 775 1132 797 ,
1164 733 1360 787 animus
1385 731 1576 786 amicus
1602 746 1739 783 meus
1760 727 2003 800 fatigatus
2049 725 2250 779 veniens
2287 725 2350 779 de
2383 725 2465 778 via
2509 725 2894 796 cogitationum,
2925 726 3060 780 etab
3092 727 3238 798 ipsis,
3266 744 3395 799 quas
3415 733 3692 810 nausia-at,

436 826 740 882 vanitatibus
772 841 860 894 per
881 825 1038 878 multa
1059 825 1262 890 divisus,
1291 823 1625 894 periculosam
1644 820 1858 875 esuriem
1890 817 2116 889 patitur:
2137 831 2238 870 non
2261 814 2414 870 habeo
2443 815 2578 886 quod
2602 833 2789 888 ponam
2813 824 2935 871 ante
2959 816 3142 884 illum;
3171 835 3366 889 pauper
3404 837 3516 876 sum
3541 833 3693 896 elege-

434 934 554 971 uus.
583 916 628 970 0
667 916 802 969 dives
823 914 1044 969 omnium
1071 913 1333 981 bonorum,
1359 921 1406 967 et
1430 911 1618 982 dapum
1643 924 1874 980 superna:
1893 907 2134 962 satietatis
2163 904 2539 972 Opttlentt'ssime
2553 907 2784 978 largitor,
2812 915 2916 962 etc.
2940 904 3176 978 Itemque
3200 909 3268 964 ad
3290 910 3420 965 illud
3447 927 3568 984 cap.
3598 913 3688 972 1%:

436 1010 602 1066 Sileat
639 1007 732 1062 sibi
761 1017 807 1061 et
835 1009 947 1078 ipsa
993 1007 1184 1071 anima,
1225 1017 1275 1060 et
1311 1013 1531 1059 transeat
1557 1019 1629 1070 se,
1678 1019 1779 1056 non
1807 999 2073 1071 cogitando
2099 1015 2190 1066 se;
2225 998 2303 1053 sic
2342 999 2682 1070 prosequitur
2711 998 2886 1070 aptius
2911 999 3165 1071 prtedicla
3194 1002 3364 1058 oratio
3393 1021 3408 1057 :
3439 1003 3541 1071 Tu,
3571 1005 3698 1064 Deus

438 1119 601 1168 meus,
635 1111 688 1156 tu
716 1103 841 1156 mihi
867 1103 1068 1172 loquere
1086 1102 1244 1165 solus,
1274 1116 1373 1154 non
1397 1116 1485 1170 per
1509 1115 1568 1152 ea
1587 1112 1702 1169 qua:
1729 1095 1910 1167 fecisti,
1941 1103 1996 1146 ut
2019 1093 2128 1148 sine
2153 1092 2265 1147 istis
2284 1092 2492 1146 audiam
2517 1101 2582 1160 te,
2610 1101 2715 1148 etc.
2747 1092 2918 1149 Habet
2944 1109 3069 1166 pars
3099 1095 3200 1151 ista
3228 1096 3487 1155 Manualis
3513 1100 3567 1154 in
3618 1117 3696 1157 ea-

439 1198 556 1267 pite
584 1197 618 1251 ι
643 1196 803 1252 verba
850 1195 1112 1252 Bernardi
1155 1194 1408 1250 nonnulla
1435 1235 1450 1259 ,
1491 1207 1608 1262 qua:
1638 1190 1704 1245 ab
1747 1189 1834 1243 illa
1859 1187 2133 1242 Mettensis
2172 1185 2372 1240 codicis
2391 1225 2408 1252 ,
2457 1193 2580 1240 ante
2605 1184 2934 1241 Bernardum
2961 1187 3063 1242 nisi
3091 1186 3325 1245 fallimur
3350 1191 3559 1263 scripti,
3591 1209 3700 1249 ora-

436 1288 591 1343 tione
620 1289 832 1344 absunt.
861 1287 940 1344 0b
967 1288 1085 1343 haec
1112 1295 1289 1342 autem
1328 1283 1586 1340 Bernardi
1624 1296 1832 1338 necnon
1885 1279 1984 1334 alia
2014 1278 2258 1349 quaedam
2288 1277 2498 1332 Alcuini
2523 1277 2684 1334 verba
2703 1319 2718 1346 ,
2751 1279 2862 1348 ipsa
2903 1279 3165 1348 Anselmi,
3191 1283 3275 1338 cui
3297 1283 3500 1354 insunt,
3541 1289 3702 1345 oratio

439 1388 629 1449 quarta
656 1378 884 1446 decima,
914 1380 1064 1448 cujus
1085 1378 1409 1433 mentionem
1432 1375 1678 1446 superius
1699 1372 1943 1437 fecimus,
1987 1371 2168 1441 spuria
2195 1384 2301 1426 non
2333 1371 2600 1426 immerito
2629 1371 2890 1427 videbitur
2919 1383 2973 1429 et
2998 1374 3298 1431 subdititia.
3326 1377 3578 1451 Reliqua:
3601 1397 3703 1454 par-

440 1481 526 1527 tes
556 1471 777 1542 hujusce
803 1471 1062 1526 Manualis
1086 1485 1352 1542 expressae
1382 1477 1539 1533 sunt,
1587 1467 1707 1523 alim
1735 1465 1968 1537 quidem,
2014 1475 2140 1537 puta
2173 1465 2437 1521 decimum
2466 1473 2673 1520 sextum
2701 1473 2755 1521 et
2787 1466 3054 1522 decimum
3086 1471 3375 1540 septimum
3403 1485 3570 1544 caput
3589 1515 3610 1542 ,
3652 1492 3702 1533 ex

435 1580 690 1620 sermone
721 1563 1030 1634 appendicis
1057 1563 1187 1618 tomi
1208 1563 1378 1633 quinti
1422 1560 1787 1616 ducentesimo
1818 1573 1998 1625 nono;
2029 1558 2148 1614 aliae
2175 1571 2324 1624 vero,
2353 1557 2526 1627 capita
2550 1557 2806 1614 videlicet
2849 1567 2970 1615 octo
3005 1563 3280 1632 sequentia
3304 1605 3321 1630 ,
3353 1579 3422 1621 ex
3459 1567 3699 1626 Bernardi

433 1653 788 1708 eoneionibus
817 1672 830 1707 ε
864 1662 1050 1723 postea
1071 1668 1138 1709 ex
1160 1653 1381 1723 Hugone
1407 1651 1684 1707 Victorino
1714 1665 1829 1720 qua:
1851 1649 2114 1704 habentur
2147 1663 2178 1702 a
2228 1648 2484 1718 vigesimo
2523 1658 2672 1703 sexto
2715 1651 2886 1720 capite
2926 1667 3094 1722 usque
3118 1653 3184 1708 ad
3213 1655 3548 1726 trigesimum
3571 1679 3589 1715 :
3620 1677 3700 1732 po-

433 1753 638 1801 strema
668 1761 791 1816 pars
819 1746 1030 1804 demum
1058 1761 1123 1800 ex
1144 1743 1384 1799 Anselmi
1408 1743 1681 1813 Proslogio
1705 1742 1870 1797 ascita
1901 1749 2002 1796 est.
2032 1742 2300 1796 Caeterum
2329 1748 2537 1795 veteres
2565 1739 2780 1796 codices
2811 1742 3016 1812 scripti,
3041 1759 3174 1814 quos
3199 1760 3333 1802 sane
3354 1750 3547 1806 multos
3572 1768 3698 1808 eon-

439 1837 798 1893 sideravimus
818 1880 832 1903 ,
857 1837 1262 1908 haudquaquam
1285 1852 1405 1893 cum
1432 1836 1590 1892 editis
1614 1835 1697 1890 vel
1720 1849 1901 1889 secum
1932 1833 2032 1904 ipsi
2055 1833 2184 1888 satis
2209 1832 2550 1888 conveniunt.
2589 1831 2721 1886 Nam
2742 1832 2836 1888 alii
2868 1833 3019 1903 plura
3045 1836 3346 1905 continent,
3381 1840 3470 1894 alii
3488 1846 3700 1910 paucio-

431 1942 494 1984 ra
518 1970 534 1997 ,
563 1929 804 1999 plerique
828 1944 956 1985 vero
985 1929 1228 2000 quaedam
1250 1929 1316 1984 ab
1341 1928 1497 1984 editis
1537 1928 1711 1983 aliena
1739 1927 1999 1992 inserunt,
2035 1924 2285 1994 decerpta
2313 1939 2377 1980 ex
2409 1924 2724 1994 Augustino,
2757 1925 2874 1979 sive
2902 1941 2969 1980 ex
2998 1926 3266 1986 Bernardo
3290 1971 3306 1996 ,
3350 1941 3446 1986 aut
3485 1933 3702 2006 liugone

438 2019 738 2088 Victorino,
765 2021 849 2076 vel
880 2037 948 2076 ex
980 2021 1128 2076 libris
1156 2020 1222 2077 de
1242 2019 1445 2091 Spiritu
1471 2029 1525 2076 et
1554 2020 1765 2086 Anima,
1799 2028 1852 2074 et
1873 2017 1940 2074 de
1968 2016 2243 2087 Diligendo
2272 2017 2382 2071 Deo
2409 2059 2424 2084 ,
2458 2025 2615 2087 atque
2635 2033 2701 2072 ex
2733 2017 3165 2076 Meditationibus
3206 2022 3474 2080 Bernardi
3498 2031 3702 2086 nomine

439 2114 687 2184 vulgatis.
741 2115 1016 2172 Postrema
1044 2114 1256 2170 tandem
1282 2115 1454 2185 capita
1492 2114 1578 2169 vix
1607 2128 1744 2170 unus
1769 2113 2006 2168 continet
2035 2111 2232 2182 Regius
2257 2109 2425 2166 codex
2445 2152 2459 2177 ,
2506 2110 2596 2183 qui
2626 2113 2802 2167 tamen
2841 2112 3155 2184 vigesimum
3192 2126 3410 2174 sextum
3443 2129 3502 2176 et
3531 2121 3703 2194 vigesi-

432 2221 580 2262 mum
607 2206 890 2278 septimum
913 2208 1024 2264 fere
1055 2217 1222 2263 totum
1250 2206 1626 2277 praetermittit.

439 2343 3702 2416 Μ

1499 2479 2654 2679 MANUALE,

1560 2706 2036 2816 LIBER
2115 2703 2580 2815 UJV'U'S.
2753 2701 2755 2703 ’
2983 2783 2987 2789 -
3142 2725 3182 2780 ὅ

1945 2903 2206 2956 εθςοαοξθα

2450 2347 2814 2360 ..ι-...σὴ

2638 2389 2894 2400 ω--η-

2123 3021 2238 3087 les,
2291 3023 2536 3080 irasceris
2579 3035 2650 3104 et
2676 3029 3098 3104 tranquilluses,
3140 3047 3308 3101 opera
3353 3045 3575 3104 mutas,
3621 3041 3705 3096 sed

2119 3107 2226 3147 non
2262 3105 2436 3172 mutas
2460 3098 2744 3172 consilium
2766 3141 2781 3166 ,
2815 3098 3008 3170 recipis
3047 3098 3189 3172 quod
3220 3105 3461 3172 invenis,
3492 3098 3707 3165 et'nnn-

2119 3179 2275 3232 quam
2322 3166 2572 3232 amisisti;
2628 3183 2899 3240 nunquam
2929 3166 3129 3246 'innp's,
3175 3183 3231 3229 et
3266 3166 3474 3246 gaudes
3516 3183 3706 3244 lucris;

409 3030 411 3032 ’
436 3009 440 3011 ’
495 3029 802 3086 Ριιιῖλτιο.
826 3028 977 3083 Ratio
999 3028 1152 3099 hujus
1167 3027 1350 3099 operis.
1372 3028 1630 3084 Invocatio
1644 3027 1741 3082 Dei
1750 3024 1844 3095 .(a)
1861 3023 2009 3099 Quo-

418 3102 570 3156 niam
614 3101 683 3170 in
711 3099 888 3153 medio
939 3094 1244 3170 laqtieoruin
1298 3101 1457 3169 positi
1511 3114 1728 3161 sumus,
1776 3094 1936 3170 facile
1982 3111 2012 3151 a

424 3171 632 3226 caelesti
657 3169 923 3224 desiderio
950 3168 1308 3240 frigescimus;
1327 3171 1658 3240 Quapropter
1683 3168 1896 3222 assiduo
1924 3168 2009 3220 in-

422 3242 667 3312 digemus
709 3241 1071 3304 monimento,
1117 3251 1176 3296 ut
1205 3241 1559 3321 espcrgefacti
1595 3240 1662 3295 ad
1701 3241 1870 3321 ‘Denm
1911 3253 2008 3289 no-

422 3309 595 3366 stium
628 3326 810 3365 verum
831 3320 887 3392 et
923 3327 1202 3392 summum
1250 3309 1635 3392 bonumncum
1677 3309 1966 3392 deﬁnimus
1990 3348 2006 3375 ,

420 3397 782 3437 recnrramus.
831 3380 1167 3453 ldeircornon
1209 3383 1633 3453 prtrsumptionis
1671 3380 1967 3453 temeritate
1990 3421 2005 3446 ,

421 3454 517 3531 sed
559 3453 726 3531 magis
755 3452 843 3506 Dei
869 3454 972 3506 mei
1004 3452 1286 3531 dilectione
1306 3493 1320 3517 ,
1357 3450 1479 3531 huic
1517 3451 1772 3531 opusculo
1799 3450 2010 3531 ad‘lau-

421 3523 544 3576 dem
577 3520 691 3590 ejus
735 3537 950 3590 cperam
991 3522 1146 3587 dedi,
1192 3531 1249 3576 ut
1294 3538 1357 3575 ex
1402 3520 1815 3592 elegantioribus
1853 3520 2008 3575 dictis

421 3603 728 3646 sanctorum
791 3592 1006 3645 Patrum
1066 3593 1227 3646 breve
1263 3600 1317 3645 et
1378 3591 1622 3647 manuale
1683 3591 1900 3646 verbum
1941 3593 2008 3644 de

421 3661 536 3715 Deo
577 3677 697 3714 meo
738 3676 944 3715 mecum
984 3677 1194 3730 semper
1231 3661 1481 3716 haberem
1503 3703 1518 3728 ,
1549 3678 1611 3717 ex
1638 3661 1792 3729 cujus
1820 3662 2003 3715 lectio-

421 3733 507 3786 nis
555 3731 676 3800 igne
699 3771 713 3796 ,
746 3732 954 3799 quoties
1005 3741 1218 3801 tepesco
1239 3773 1252 3797 ,
1285 3733 1337 3785 in
1394 3733 1509 3801 ejus
1566 3731 1827 3786 accendar
1852 3747 2003 3787 amo-

419 3817 452 3858 l‘
453 3818 537 3855 01η
547 3841 558 3852 .

495 3873 647 3927 Nune
681 3871 884 3943 adesto
935 3871 1094 3936 mihi,
1154 3872 1293 3943 Deus
1342 3887 1525 3939 meus,
1579 3887 1737 3943 quem
1781 3889 1998 3942 quaero,

421 3958 579 4011 quem
623 3942 814 4012 diligo,
851 3957 1020 4014 quem
1048 3941 1210 3998 corde
1247 3953 1302 3998 et
1350 3959 1459 4014 ore
1485 3941 1776 4011 conﬁteor,
1801 3941 1877 4014 iet
1901 3959 2003 4014 qua

423 4014 578 4068 valeo
617 4011 808 4067 virtute
848 4011 1004 4066 laudo
1049 4021 1206 4083 atque
1234 4015 1418 4068 adoro.
1450 4013 1597 4069 Mens
1647 4030 1764 4069 mea
1811 4011 2001 4071 devota

419 4083 551 4154 tibi,
596 4094 684 4137 tuo
734 4099 914 4137 amore
960 4099 1242 4148 succensa,
1289 4084 1381 4138 tibi
1429 4086 1733 4154 suspirans.
1781 4086 1875 4140 tibi
1919 4088 2000 4140 in-

419 4152 573 4209 hians
593 4197 608 4219 ,
632 4163 685 4208 te
708 4155 879 4208 solum
908 4154 1088 4210 videre
1111 4155 1418 4211 desiderans
1435 4197 1448 4222 ,
1483 4152 1614 4210 nihil
1641 4157 1797 4213 habet
1822 4156 1995 4222 dulce,

416 4223 522 4278 nisi
553 4224 618 4280 de
647 4234 698 4278 te
727 4225 902 4294 loqui,
935 4225 1001 4280 de
1031 4233 1083 4279 te
1109 4227 1322 4291 audire,
1352 4225 1419 4280 de
1459 4233 1509 4282 te
1539 4227 1774 4282 scribere
1794 4268 1807 4290 ,
1855 4226 1922 4281 de
1949 4235 2001 4283 te

415 4294 665 4350 conferre
685 4337 698 4358 ,
727 4303 870 4350 tuam
899 4296 1120 4378 gloriam
1165 4295 1470 4378 frequenter
1510 4299 1608 4353 sub
1620 4297 1794 4378 .corde
1822 4299 1997 4378 revol-

415 4380 578 4433 vere,
629 4376 686 4420 ut
721 4375 806 4421 tua
846 4367 1024 4421 suavis
1052 4366 1306 4421 memoria
1360 4367 1428 4421 sit
1457 4368 1592 4422 inter
1619 4368 1715 4422 hos
1758 4366 1998 4423 turbines

415 4437 590 4506 aliqua
616 4439 918 4508 repansatio
944 4453 1082 4508 mea.
1111 4437 1186 4491 Te
1214 4453 1339 4508 ergo
1371 4439 1586 4502 invoco,
1619 4437 1996 4492 desiderantis-

416 4508 572 4575 sime,
603 4507 670 4561 ad
700 4518 748 4563 te
768 4509 941 4562 clamo
969 4507 1204 4562 clamore
1234 4523 1425 4576 magno
1446 4509 1497 4562 in
1524 4517 1632 4564 toto
1663 4508 1822 4563 corde
1851 4525 1991 4565 meo.

415 4576 484 4650 Et
510 4592 630 4631 cum
659 4579 964 4650 teinvoco,
989 4579 1169 4646 utique
1195 4585 1246 4650 te
1273 4578 1325 4650 in
1357 4594 1442 4634 me
1463 4580 1578 4649 ipso
1607 4581 1828 4646 invoco;
1857 4596 1992 4650 quo-

413 4647 557 4700 niam
585 4648 799 4702 omnino
823 4662 930 4701 non
955 4662 1164 4714 essem,
1192 4648 1292 4702 nisi
1320 4657 1377 4702 tu
1406 4647 1552 4705 esses
1584 4652 1636 4704 in
1664 4666 1782 4714 me;
1814 4647 1994 4706 et'nisi

412 4732 513 4791 ego
539 4731 714 4791 essem
739 4718 790 4771 in
825 4727 894 4784 te,
918 4732 1021 4771 non
1055 4732 1201 4772 esses
1224 4719 1278 4771 in
1305 4735 1407 4772 tne.
1440 4719 1495 4774 In
1522 4736 1607 4776 me
1630 4735 1708 4786 es,
1743 4722 1990 4791 quoniam

413 4786 468 4840 in
497 4788 749 4859 memoria
773 4803 888 4842 mea
909 4803 1126 4844 manes:
1147 4803 1210 4843 ex
1231 4803 1292 4842 ea
1313 4791 1534 4859 cognovi
1564 4802 1632 4856 te,
1661 4801 1716 4846 et
1742 4786 1792 4845 in
1824 4808 1884 4846 ea
1909 4794 1992 4847 in-

409 4857 570 4909 venio
595 4865 645 4911 te
667 4898 679 4921 ,
711 4873 829 4934 cum
859 4859 1172 4913 reminiscor
1201 4859 1271 4912 tui
1292 4901 1309 4934 ,_
1339 4857 1402 4914 et
1421 4861 1656 4934 delector
1676 4864 1725 4916 in
1751 4871 1800 4918 te
1825 4863 1890 4918 de
1917 4871 1988 4934 te,

409 4942 477 4980 ex
500 4929 801 5000 quo_o_mpia
819 4970 835 5000 ,
867 4944 963 4995 per
987 4945 1144 4996 quem
1167 4931 1344 5000 omnia
1364 4972 1378 4995 ,
1409 4941 1463 4985 et
1489 4932 1539 4984 in
1568 4948 1673 5000 quo
1699 4934 1896 4988 omnia.

517 4997 744 5072 CAPUT
811 4999 1096 5072 PRIMUM.
1152 4999 1247 5053 Dei
1296 4997 1680 5072 perfunctioues.
1739 5003 1810 5072 (b)
1871 5005 1986 5071 Tu,

408 5065 668 5144 Domine,
725 5068 919 5123 ccelum
967 5079 1020 5124 et
1089 5065 1324 5144 terranu
1360 5065 1575 5142 imples,
1628 5065 1805 5128 omnia
1869 5065 1990 5144 por;

415 5145 538 5192 laus
584 5140 701 5194 sine
741 5154 935 5206 onere,
967 5141 1145 5194 omnia
1203 5140 1447 5210 implens'
1479 5145 1594 5198 sine
1654 5140 1976 5213 inc-lusione,

407 5222 627 5278 semper
677 5225 873 5280 agens,
927 5214 1427 5285 semperdquietus,
1473 5215 1727 5285 colligens
1777 5227 1830 5272 et
1883 5235 1986 5273 non

404 5293 598 5347 egens,
650 5296 894 5350 quarens
941 5296 1060 5336 cum
1110 5281 1242 5337 nihil
1291 5282 1425 5338 desit
1479 5287 1570 5339 tibi
1592 5281 1623 5349 ,⁷
1655 5302 1839 5341 amans
1887 5303 1986 5344 nec

404 5357 638 5406 mstuans
658 5393 673 5419 ,
706 5352 884 5407 zelans
909 5361 963 5408 et
991 5367 1212 5410 securus
1243 5369 1319 5420 es,
1354 5357 1574 5424 ptenitet
1597 5366 1646 5412 te
1675 5369 1724 5411 et
1755 5374 1858 5413 non
1884 5359 1982 5413 do-

465 5505 537 5576 (a)
569 5513 635 5556 Ex
658 5505 756 5558 fine
774 5506 864 5576 ψ).
890 5509 954 5576 de
977 5509 1220 5576 Speculo;
1246 5509 1357 5560 vide
1382 5509 1465 5558 lib.
1494 5511 1649 5562 Medit.
1677 5526 1780 5576 cap.
1801 5513 1889 5575 22;
1917 5527 1981 5565 ex

399 5568 612 5634 confess.
635 5578 751 5634 Aug.
773 5568 857 5634 lib.
887 5573 932 5631 1,
956 5568 1060 5634 cap.
1087 5573 1134 5621 2.

465 5629 635 5698 (b)__t_ix
659 5629 742 5698 lili.
783 5629 1087 5698 despeculo,
1115 5647 1250 5698 capp.
1274 5635 1378 5696 4-8,
1402 5634 1480 5697 2|,
1518 5635 1608 5697 22;
1658 5650 1719 5689 ex
1761 5638 1974 5692 Coniess.

397 5689 624 5752 AugJIib.
654 5692 699 5752 1,
723 5705 826 5755 cap.
847 5693 894 5742 4.

2117 3248 2384 3317 nunquam
2426 3251 2640 3317 avar_us,
2675 3247 2730 3294 et
2774 3254 2960 3296 usuras
2993 3244 3190 3313 exigis;
3223 3244 3584 3317 supererogas
3628 3253 3710 3306 cui

2115 3319 2222 3359 non
2253 3306 2449 3384 debes,
2477 3308 2561 3361 vel
2589 3323 2802 3384 semper
2825 3306 3237 3384 supererogatur
3268 3306 3356 3371 tibi
3388 3326 3440 3371 ut
3459 3306 3665 3375 demas
3688 3364 3703 3384 ,

2115 3377 2521 3450 ct_q_ui_s_habet
2560 3377 2846 3450 quidquam
2888 3377 2992 3436 non
3043 3377 3233 3439 nium?
3285 3387 3472 3442 lletldis
3511 3377 3703 3446 debita

2113 3445 2242 3532 nulli
2265 3446 2472 3532 debetis
2491 3489 2504 3513 ,
2547 3445 2720 3532 donas
2739 3451 2915 3532 debita
2944 3453 3072 3532 nihil
3095 3457 3339 3523 perdens.
3378 3458 3480 3532 Qui
3508 3445 3711 3532 ubique

2111 3530 2200 3581 es,
2229 3525 2283 3571 et
2320 3518 2514 3595 ubique
2543 3527 2716 3587 totus;
2753 3523 2842 3595 qui
2874 3525 3058 3579 sentiri
3088 3518 3271 3595 potes,
3319 3537 3372 3584 et
3393 3518 3575 3586 videri
3605 3518 3709 3588 non

2112 3589 2712 3671 potes,.qu.i_nus_quam
2754 3589 2929 3671 dees,_
2961 3603 3017 3650 et
3056 3589 3237 3671 tamen
3258 3589 3352 3653 'ab
3402 3601 3707 3671 iniquorum

2111 3658 2518 3742 cogitationibus
2538 3658 2695 3732 lenge
2722 3677 2811 3727 es;
2843 3665 3073 3742 qui_nec
3101 3668 3183 3742 ibi
3207 3669 3336 3725 dces
3361 3712 3376 3737 ,
3423 3658 3514 3727 ubi
3557 3675 3707 3742 longe

2111 3742 2171 3809 es
2194 3745 2208 3809 ξ
2231 3729 2350 3809 quia
2381 3730 2471 3785 ubi
2492 3745 2596 3786 non
2624 3729 2682 3787 es
2711 3750 2805 3804 per
2823 3729 3047 3809 gratiam
3074 3779 3087 3809 ,
3121 3739 3247 3793 ades
3280 3729 3375 3809 per
3400 3729 3709 3798 vindictam.

2109 3797 2208 3884 Qui
2235 3799 2429 3884 ubique
2456 3797 2908 3884 prasens'esfet
2953 3807 3042 3884 vix
3067 3797 3297 3884 inveniri
3324 3822 3525 3880 potes;
3557 3797 3707 3884 quem

2109 3877 2339 3947 stantem
2382 3873 2691 3947 sequimur,
2741 3876 3224 3947 etapprehendere
3276 3873 3382 3936 non
3443 3873 3704 3941 valemus.

2107 3939 2208 4005 Qui
2239 3949 2415 4023 .tenes
2459 3939 2684 4023 emnia__,
2741 3939 2932 4023 imples
2982 3951 3198 4023 omnia,
3249 3939 3711 4023 circumplecteris

2108 4011 2306 4093 emnia,
2331 4014 2704 4093 superexcedis
2724 4011 2922 4093 onmia,
2947 4011 3398 4093 sustines'omnia.
3423 4011 3529 4093 Qui
3551 4011 3708 4082 corda

2108 4080 2346 4160 ﬁdelium
2378 4080 2546 4160 doces
2574 4085 2690 4140 sine
2719 4080 2944 4160 strepitu
2972 4080 3275 4146 verborum.
3308 4095 3412 4160 Qui
3433 4080 3582 4153 locis
3608 4080 3708 4152 non

2106 4150 2451 4232 distenderis,
2482 4169 2582 4209 nec
2619 4150 2943 4232 temporibus
2971 4161 3223 4232 variaris,
3267 4150 3369 4220 ne~e
3408 4150 3584 4223 habes
3608 4150 3709 4223 —ac4

2105 4235 2288 4276 cessus
2316 4231 2653 4303 etreeessus.
2687 4227 2787 4294 Qui
2812 4229 3021 4303 habitas
3046 4227 3220 4287 lucem
3244 4235 3701 4303 inaeeessibilem,

2102 4293 2753 4380 quat-tinnull'ushominnm
2776 4299 2924 4380 vidit,
2952 4317 3051 4357 nec
3074 4303 3256 4380 videre
3283 4316 3460 4380 potest
3483 4309 3546 4380 (l
3573 4293 3706 4364 Tim:

2101 4375 2152 4444 vt
2174 4403 2189 4428 ,
2219 4363 2284 4417 16
2305 4363 2346 4434 ).
2378 4363 2430 4417 In
2459 4373 2510 4444 te
2555 4381 2775 4444 manens
2813 4363 3022 4444 quietus
3043 4415 3056 4440 ,
3104 4363 3303 4444 ubique
3336 4363 3600 4434 circumis
3631 4390 3704 4432 to»

2103 4440 2216 4486 tum
2241 4449 2254 4486 :
2279 4434 2550 4514 non_enim
2577 4434 3020 4516 seindiet'dividi
3045 4434 3228 4516 potes;
3256 4447 3382 4516 quia
3407 4464 3539 4504 vere
3573 4465 3704 4504 unus

2101 4517 2162 4584 es
2177 4519 2196 4584 ;V
2242 4518 2342 4584 nec
2372 4509 2438 4584 .in
2475 4515 2651 4584 partes
2685 4509 2950 4584 eiliceris,
2993 4509 3086 4568 sed
3119 4509 3476 4575 totus'totum
3518 4530 3702 4584 tenes,

2101 4582 2156 4628 et
2186 4574 2588 4655 igtumimples,
2619 4586 2788 4655 totum
2817 4574 3049 4638 illus’tras
3073 4594 3124 4639 et
3149 4587 3412 4655 possides.

2205 4643 2429 4721 QAPUT
2447 4643 2524 4699 'll.
2544 4647 2619 4700 De
2643 4650 2814 4704 eodem
2837 4643 3162 4721 argumento:
3175 4656 3229 4711 Si
3253 4643 3421 4714 totum
3439 4661 3701 4715 mundum

2099 4712 2218 4800 libri
2269 4717 2536 4798 replean't,
2575 4726 2683 4800 “tua
2729 4712 2952 4800 scientia
3007 4712 3704 4800 inenarrabilismnennpo;

2101 4792 2204 4867 test
2257 4789 2829 4867 enarrari_.__Quonia_m
2893 4809 3022 4849 vero
3082 4797 3368 4854 indicibilis
3430 4817 3519 4867 es,
3579 4789 3700 4856 n'ul-

2098 4852 2151 4930 io
2187 4856 2379 4930 _mo_do_
2404 4858 2561 4913 scribi
2593 4852 2808 4930 'poteris
2849 4879 2945 4920 nec
3007 4852 3413 4926 eoneludii'i‘n
3438 4852 3520 4927 ’ἐξ
3577 4852 3700 4927 l’o—ns

2097 4923 2229 5006 lueis
2277 4923 2717 5012 divinasset-sol
2768 4934 3022 5012 claritatis
3074 4948 3309 4996 aeterna).
3343 4923 3700 5012 Magnusnes

2094 4993 2601 5078 sinehquantitate,
2652 5011 2706 5055 et
2772 5003 2890 5059 ideo
2955 4993 3691 5074 immensus?bonus—sine

2096 5065 2381 5146 qualitate,
2410 5079 2462 5122 et
2485 5065 2606 5146 ideo
2635 5087 2760 5127 vere
2780 5083 2835 5146 et
2858 5091 3066 5132 summe
3094 5065 3294 5146 bonus';
3325 5065 3384 5138 et
3405 5065 3702 5138 nemo—

2094 5150 2222 5222 nus,
2256 5138 2357 5192 nisi
2402 5150 2456 5193 tu
2499 5141 2699 5222 solus,
2730 5145 2884 5222 cujus
2921 5148 3168 5204 voluntas
3209 5138 3342 5221 Opus
3371 5163 3479 5219 est,
3534 5155 3699 5222 cujus

2092 5205 2231 5293 velle
2272 5223 2434 5293 posse
2466 5219 2593 5293 est,“
2611 5205 2700 5293 qui
2726 5205 2918 5293 pluuia
2967 5233 3086 5288 qum
3134 5237 3201 5276 ex
3243 5205 3694 5291 iubilo—creasti:
3753 5290 3758 5293 _

2092 5277 2204 5352 sala
2255 5279 2526 5352 voluntate
2567 5277 2762 5339 fecisti.
2813 5286 2910 5352 Qui
2950 5277 3162 5346 omnem
3205 5277 3496 5349 creaturam
3529 5277 3698 5350 tuan;
3752 5290 3760 5318 ⁵

2091 5347 2291 5436 absque
2322 5350 2606 5436 indigentia
2649 5347 3122 5436 aliqua‘pos‘sides,
3152 5347 3346 5436 etsine
3362 5347 3696 5436 labore—ign:
3755 5361 3758 5366 ’

2089 5416 2316 5504 hermas,
2346 5431 2403 5504 et
2426 5416 2626 5504 absque
2655 5416 2810 5504 taedio
2841 5416 3091 5504 regis,et
3112 5416 3246 5487 nihil
3275 5416 3352 5489 est
3373 5416 3694 5504 ήῇόέιὶεὲέέο

2089 5488 2264 5570 titubet
2291 5488 2754 5570 ordinetnimperii
2787 5499 2858 5552 tui
2878 5488 3074 5560 ,vvel'in
3093 5488 3431 5570 summis,v¢13l
3449 5505 3502 5558 in
3534 5488 3690 5560 imis.

2087 5557 2186 5623 Qui
2219 5559 2268 5637 in
2296 5563 2541 5637 omnibus
2558 5557 2686 5620 locis
2707 5569 2822 5623 sine
2840 5557 2955 5624 luco
2977 5570 3207 5637 haberis,
3227 5557 3462 5630 ethmhiin

2086 5631 2309 5709 uessine
2329 5633 2550 5709 audiit",
2572 5645 2624 5689 et
2647 5637 2836 5708 ubique
2859 5656 3092 5709 prtesens
3107 5659 3165 5696 es
3181 5631 3296 5700 sine
3315 5648 3411 5700 situ
3425 5657 3466 5700 et
3490 5657 3682 5704 metu.

2084 5698 2187 5764 Qui
2210 5715 2308 5758 nec
2328 5704 2451 5761 mali
2465 5698 2649 5762 auctor
2665 5723 2722 5764 es
2742 5698 2916 5781 {qubd
2935 5712 3107 5770 facere
3128 5728 3232 5771 non
3250 5698 3505 5786 potesfqui
3519 5698 3687 5778 nihil
