3804 6358
444 311 553 359 elo.
582 301 639 385 O_
664 315 820 386 quam
848 297 1144 355 fortunatus
1181 309 1275 386 ero
1297 336 1316 365 ,
1347 292 1394 352 si
1422 293 1674 378 audivero
1696 292 2020 386 iucundissi-

444 388 559 430 mas
595 365 786 427 civium
830 382 1037 425 tuorum
1085 369 1378 424 cantilenas
1402 409 1415 433 ,
1449 365 1977 421 carmina'mellillua
1998 406 2016 432 ,

444 444 626 500 laudes
654 457 872 498 summae
922 440 1164 496 Trinitati
1209 440 1389 494 debito
1436 438 1640 493 honore
1678 437 2013 507 promential

442 515 546 571 Sed
574 524 627 570 et
656 515 873 569 nimium
906 513 1026 568 felix
1053 553 1068 575 ,
1098 512 1144 568 si
1192 524 1289 580 ego
1352 510 1465 579 ipse
1512 524 1759 580 meruero
1799 517 2017 565 cantare

441 588 704 642 canticum
747 585 971 640 Domino
1012 578 1396 653 Jesquristo
1438 580 1505 636 de
1567 578 1808 636 dulcibus
1844 580 2016 635 canti-

440 658 518 712 cis
542 658 690 713 Sion.

511 728 738 786 CAPUT
784 727 895 783 VII.
945 723 1073 781 Vita:
1119 734 1320 781 (eterna:
1368 723 1516 778 bona.
1556 720 1602 778 Ο
1642 723 1750 779 vita
1795 722 2010 791 vitalis,

440 799 546 854 vita
576 800 930 869 sempiterna,
966 807 1020 869 et
1059 798 1381 869 sempiterne
1429 794 1581 869 beata
1602 836 1617 861 ,
1638 794 1737 869 ubi
1765 793 2016 869 gaudium

439 870 556 925 sine
583 865 811 925 maerore
834 910 848 933 ,
876 868 1086 940 requies
1111 865 1225 940 sine
1264 866 1447 940 labore
1468 907 1481 931 ,
1508 865 1737 940 dignitas
1762 866 1879 920 sine
1905 875 2016 920 tre-

440 955 587 995 more
611 983 624 1005 ,
657 955 785 1010 opes
824 935 1269 996 sine'amissione
1292 980 1307 1005 ,
1337 938 1534 1010 sanitas
1572 936 1687 990 sine
1724 935 1975 1005 languore
1996 974 2015 1005 ,

438 1008 759 1066 abundantia
786 1012 900 1066 sine
938 1010 1234 1065 defectione
1256 1051 1269 1074 ,
1302 1008 1405 1061 vita
1447 1008 1562 1063 sine
1588 1016 1757 1061 morte
1781 1048 1796 1073 ,
1824 1021 2014 1076 perpe-

440 1081 598 1152 guitas
640 1083 754 1137 sine
800 1081 1174 1152 corruptione,
1222 1078 1489 1152 beatitudo
1530 1077 1668 1152 sine_
1691 1078 2013 1152 calamitate.

438 1151 541 1208 Ubi
575 1153 748 1208 omnia
778 1153 917 1207 bona
948 1148 1001 1207 in
1028 1151 1287 1206 charitate
1315 1148 1545 1219 perfecta
1569 1148 1708 1219 ,rubi
1735 1149 1939 1219 Species
1963 1154 2018 1202 et

436 1222 573 1279 visio
599 1222 732 1280 facie
773 1224 838 1279 ad
867 1224 1088 1291 faciem,
1122 1222 1209 1276 ubi
1241 1217 1391 1290 plena
1423 1218 1643 1291 scientia
1686 1218 1739 1291 in
1769 1217 2015 1291 omnibus

439 1303 492 1348 et
514 1310 611 1364 per
634 1295 831 1361 omnia,
859 1295 949 1350 ubi
975 1289 1181 1349 summa
1214 1289 1306 1364 Dei
1333 1290 1542 1364 bonitas
1566 1290 1819 1364 cernitur,
1851 1300 1903 1344 et
1930 1289 2014 1343 lu-

436 1360 559 1420 men
595 1360 898 1422 illuminans
938 1382 968 1420 a
1013 1363 1211 1418 sanctis
1252 1362 1609 1433 gloriﬁcatur,
1651 1360 1738 1433 ubi
1782 1375 2017 1433 praesens

437 1435 686 1505 majestas
720 1437 811 1492 Dei
849 1436 1202 1505 conspicitur,
1232 1430 1286 1489 et
1326 1437 1426 1488 hoc
1454 1433 1588 1505 vita:
1618 1432 1738 1488 cibo
1775 1432 1891 1488 sine
1915 1430 2014 1486 de-

439 1501 580 1561 fectu
624 1522 774 1562 mens
815 1501 1130 1562 intuentium
1176 1505 1419 1560 satiatur.
1453 1501 1648 1558 Vident
1687 1517 1931 1572 semper,
1964 1509 2018 1556 et

439 1575 619 1632 videre
640 1578 975 1643 desiderant;
1007 1578 1123 1633 sine
1162 1576 1429 1630 anxietate
1457 1574 1759 1629 desiderant
1778 1614 1790 1635 ,
1820 1583 1874 1628 et
1900 1572 2016 1629 sine

434 1644 646 1703 fastidio
674 1649 955 1704 satiantur.
985 1647 1085 1703 Ubi
1122 1661 1282 1701 verus
1324 1646 1404 1700 sol
1439 1643 1659 1714 justitim
1680 1686 1694 1707 ,
1725 1644 1858 1698 mira
1902 1660 2016 1699 sua:

434 1718 836 1788 pulchritudinis
864 1719 1066 1774 visione
1092 1731 1281 1772 omnes
1308 1716 1479 1771 reiicit
1500 1725 1601 1788 ,κει
1639 1715 1709 1768 ita
1737 1717 2017 1788 universos

433 1785 669 1844 caelestis
707 1791 890 1856 patria:
929 1789 1071 1844 cives
1114 1788 1410 1853 illuminat,
1441 1795 1498 1840 ut
1522 1787 1736 1840 luceant
1765 1786 1904 1856 ipsi,
1938 1785 2015 1855 (a)

436 1858 615 1915 lumen
642 1855 887 1917 videlicet
912 1859 1264 1914 illuminatum
1294 1872 1387 1927 per
1417 1856 1584 1911 Deum
1607 1855 1795 1911 lumen
1814 1856 2014 1911 illumi-

434 1944 567 1985 nans
611 1931 748 1985 ultra
791 1945 1005 1985 omnem
1056 1930 1183 1985 solis
1230 1928 1399 1983 nostri
1447 1927 1826 1995 Splendorem,
1857 1938 2016 1997 atque

435 2010 744 2057 cunctarum
772 2003 1043 2057 stellarum
1070 1999 1387 2063 claritatem,
1421 1997 1704 2053 immortali
1735 1998 2015 2053 adhaeren-

436 2078 517 2143 ies
545 2072 758 2137 deitati;
789 2089 853 2128 ac
895 2088 991 2143 per
1018 2072 1120 2127 hoc
1147 2070 1558 2143 immortaleshet
1587 2069 2017 2143 incorruptibiles

432 2140 553 2198 facti
572 2184 587 2210 ,
612 2143 764 2215 juxta
794 2138 1198 2215 promissionem
1229 2140 1440 2215 Dnmini
1470 2140 1760 2215 Salvatoris
1787 2138 2012 2215 :‘Pater,

431 2229 557 2283 quos
584 2210 767 2270 dedisti
794 2210 946 2279 nti/ri,
976 2214 1088 2269 volo
1131 2222 1184 2267 ut
1222 2212 1289 2267 ibi
1318 2228 1409 2283 ego
1437 2228 1567 2276 sum;
1598 2220 1642 2264 et
1667 2210 1741 2265 illi
1780 2210 1879 2264 sint
1905 2226 2013 2283 me-

431 2280 582 2351 cum;
606 2295 660 2340 ut
687 2286 886 2340 videant
915 2284 1194 2339 claritatem
1222 2280 1405 2349 meant,
1430 2292 1484 2335 ut
1514 2298 1683 2334 omnes
1708 2297 1864 2351 unum
1889 2280 2011 2346 sint,

430 2350 565 2410 sicut
583 2365 636 2409 tu
669 2354 822 2412 Pater
842 2357 894 2410 in
922 2372 1018 2422 me,
1042 2364 1086 2425 et
1115 2370 1205 2425 ego
1229 2354 1283 2407 in
1321 2363 1385 2419 te,
1418 2362 1462 2406 et
1488 2352 1586 2422 ipsi
1611 2351 1665 2405 in
1692 2350 1832 2405 nobis
1858 2366 2014 2405 unum

431 2426 530 2480 sint
549 2425 731 2550 Xloan.
760 2442 888 2492 xvn,
918 2427 1007 2507 25,
1039 2424 1156 2495 ἓως

503 2496 544 2550 C
595 2496 730 2550 PUT
770 2495 903 2550 VIIl.
944 2494 1071 2549 Vita:
1097 2512 1156 2550 nr

503 2489 730 2552 CAPUT
770 2489 903 2550 VIII.
944 2494 1071 2549 Vita:
1097 2489 1357 2563 praesentis
1383 2493 1612 2547 miserita.
1640 2489 1883 2562 Regnum
1904 2507 2015 2549 cce-

432 2566 628 2634 lorum,
661 2582 883 2637 regnum
916 2566 1276 2637 felicissimum
1302 2606 1316 2629 ,
1350 2579 1571 2633 regnum
1598 2578 1789 2637 carens
1817 2574 2010 2630 morte,

428 2646 483 2693 et
529 2633 747 2692 vacans'
771 2638 911 2704 line,
960 2637 1043 2690 cui
1093 2635 1237 2691 nulla
1292 2646 1529 2705 tempora
1580 2633 1871 2689 succedunt
1921 2650 2013 2705 per

429 2723 636 2774 sevum;
665 2708 753 2762 ubi
782 2708 1067 2763 continuus
1113 2708 1229 2761 sine
1276 2704 1432 2761 nocte
1473 2706 1588 2760 dies
1618 2704 1785 2760 nescit
1817 2704 2013 2760 habere

429 2786 658 2850 tempus,
679 2779 766 2834 ubi
784 2779 954 2834 victor
969 2778 1122 2833 miles
1144 2777 1298 2833 donis
1321 2776 1673 2832 ineiiabilibus
1686 2775 2007 2844 cumulatur,

548 2891 717 2944 Nobile
741 2898 981 2957 perpetua
1001 2898 1145 2956 caput
1166 2890 1499 2955 amplectente
1521 2900 1732 2942 corona:

429 3000 627 3056 utinam
651 3001 873 3056 remissa
898 3010 1237 3069 peccatorum
1263 2998 1425 3064 mole,
1454 3013 1541 3053 me
1564 2997 1805 3069 ultimum
1827 3010 2013 3052 servo-

426 3087 545 3127 rum
571 3071 769 3128 Christi
794 3066 1008 3141 iuberet
1052 3070 1229 3126 divina
1274 3071 1444 3140 pietas
1472 3069 1611 3124 hanc
1639 3066 1816 3141 carnis
1846 3069 2011 3122 sarci-

426 3157 550 3197 nam
600 3139 900 3212 deponere,
943 3151 1000 3196 ut
1048 3142 1101 3196 in
1149 3139 1532 3212 suarcivitatis
1577 3139 1765 3210 gaudia
1809 3147 2010 3194 aeterna

433 3210 816 3283 rcpausztturus
845 3213 1151 3279 transirem,
1183 3210 1257 3282 (b)
1278 3211 1636 3283 sanctissimis
1661 3224 2010 3283 supernorum

428 3279 623 3339 civium
654 3285 834 3339 choris
861 3279 1197 3349 interessem,
1227 3279 1349 3337 cum
1387 3280 1708 3337 beatissimis
1738 3279 2010 3346 spiritibus

424 3356 609 3425 gloriae
638 3354 942 3411 Conditoris
972 3354 1295 3425 assisterem,
1331 3361 1647 3422 praesentem
1662 3350 1771 3425 _Dei
1803 3351 2005 3407 vultum

425 3420 700 3482 cernerem
724 3467 737 3490 ,
771 3425 918 3480 nullo
946 3424 1134 3480 mortis
1162 3431 1309 3479 metu
1333 3420 1611 3492 ’tangerer,
1645 3420 1713 3492 de
1738 3430 2008 3489 perpetuae

423 3495 839 3552 immortalitatis
883 3495 1281 3563 incorruptione
1322 3490 1542 3549 securus
1579 3490 1911 3563 gauderem,
1951 3500 2009 3547 et

426 3568 615 3622 scienti
653 3567 831 3621 omnia
870 3562 1185 3635 coniunctus
1214 3579 1426 3618 omnem
1458 3562 1768 3635 ignorantia:
1791 3562 2006 3617 caecita-

425 3645 534 3691 tem
562 3636 883 3699 amitterem,
912 3632 1123 3691 terrena
1152 3642 1339 3689 cuncta
1363 3632 1513 3703 parvi
1540 3632 1849 3702 penderem,
1879 3647 2008 3686 con-

425 3706 617 3761 vallem
634 3707 989 3777 laerymarum
1012 3707 1168 3777 istam
1186 3706 1377 3777 intueri
1396 3704 1478 3758 vel
1501 3704 1766 3777 reminisci
1785 3704 2006 3777 ulterius

424 3790 531 3832 non
549 3774 825 3847 dignarer;
850 3775 938 3829 ubi
955 3774 1034 3901 (Sc)
1056 3775 1160 3828 vita
1184 3774 1468 3839 laboriosa,
1491 3775 1594 3828 vita
1618 3774 2001 3843 corruptibilis,

426 3846 530 3901 vita
555 3847 701 3901 omni
725 3847 952 3901 amaritu
991 3846 1078 3901 iue
1106 3846 1262 3901 plena
1286 3887 1301 3901 .
1329 3846 1433 3899 vita
1459 3844 1673 3900 domina
1701 3844 1963 3900 malorum
1986 3886 2001 3901 .

426 3846 530 3901 vita
555 3844 701 3903 omni
725 3844 1078 3901 amaritudine
1106 3846 1262 3915 plena
1286 3887 1301 3911 ,
1329 3846 1433 3899 vita
1459 3844 1673 3900 domina
1701 3844 1963 3900 malorum
1986 3886 2001 3912 ,

423 3918 615 3972 ancilla
643 3917 973 3972 infernorum
998 3959 1013 3983 ,
1046 3914 1206 3986 quam
1254 3916 1507 3971 humores
1539 3914 1797 3970 tumidant
1822 3916 1869 3986 γι,
1899 3916 2001 3970 do-

423 3987 567 4044 lores
592 3996 899 4053 extenuant,
930 3985 1150 4043 ardores
1178 3988 1482 4047 exsiccant,
1513 4001 1635 4041 aera
1663 3985 1961 4041 morbidant
1983 4027 2000 4054 ,

421 4072 563 4115 escae
594 4059 796 4126 inﬂant,
824 4060 1026 4129 jejunia
1056 4066 1350 4124 macerant,
1378 4058 1484 4127 joci
1513 4056 2003 4129 solvunt,_tt'_istiti:n

422 4139 783 4193 consumunt,
814 4126 1111 4185 sollicitudo
1152 4126 1422 4195 coarctat,
1455 4127 1709 4183 securitas
1752 4126 2000 4195 hebetat,

420 4199 620 4256 divitiae
645 4202 849 4271 jactant
872 4243 887 4269 ,
910 4209 1204 4270 paupertas
1228 4199 1409 4271 dejicit
1428 4240 1442 4261 ,
1470 4198 1724 4271 juventus
1751 4198 1959 4271 extollit
1983 4239 1998 4266 ,

419 4269 672 4327 senectus
710 4269 985 4337 incurvat,
1011 4271 1293 4327 infirmitas
1335 4269 1564 4339 frangit,
1597 4284 1797 4325 mauor
1819 4269 2000 4338 depri-

421 4344 554 4409 mit;
592 4343 670 4413 (d)
704 4343 794 4399 ubi
824 4341 1070 4398 diabolus
1113 4341 1424 4405 insidiatur,
1455 4340 1690 4413 mundus
1723 4340 1997 4405 adulatur,

417 4426 547 4469 caro
570 4410 867 4469 delectatur
888 4455 903 4479 ,
945 4414 1121 4467 anima
1159 4421 1477 4476 excaecatur,
1507 4418 1649 4467 totus
1678 4410 1840 4466 homo
1867 4425 1999 4465 con-

417 4485 663 4540 turbatur
692 4502 705 4539 :
735 4494 793 4540 et
819 4484 902 4538 his
936 4492 1012 4538 tot
1052 4493 1108 4539 et
1150 4484 1308 4537 tantis
1347 4483 1502 4537 malis
1545 4498 1690 4537 mors
1715 4481 1999 4536 furibunda

412 4556 676 4616 succedit,
704 4556 959 4624 vanisque
987 4554 1193 4623 gaudiis
1218 4557 1290 4607 ita
1322 4552 1478 4607 linem
1508 4554 1764 4623 imponit;
1795 4560 1852 4606 ut
1876 4568 1999 4607 cum

415 4637 539 4679 esse
568 4625 845 4691 desierint,
878 4639 977 4678 nec
1001 4624 1165 4678 tuisse
1195 4633 1468 4692 putentur.

489 4693 714 4750 CAPUT
748 4695 832 4749 IX.
880 4692 946 4747 In
976 4694 1042 4747 iis
1079 4694 1302 4747 solamen
1330 4710 1392 4747 ea:
1422 4693 1529 4747 Deo
1565 4710 1669 4747 non
1697 4692 1848 4748 deest.
1892 4693 1998 4749 Sed

414 4778 547 4834 quas
578 4766 759 4819 laudes
801 4779 1000 4836 quasve
1045 4764 1330 4836 gratiarum
1379 4764 1616 4819 actiones
1662 4763 1755 4836 tibi
1798 4764 1999 4820 referre

415 4835 725 4900 valeamus,
779 4834 918 4891 Deus
963 4845 1185 4901 noster,
1233 4835 1323 4904 qui
1370 4849 1470 4889 nos
1515 4836 1676 4888 etiam
1719 4834 1855 4888 inter
1905 4835 1998 4890 has

414 4914 587 4958 tantas
613 4906 947 4961 mortalitatis
976 4917 1175 4960 nostrze
1203 4920 1469 4959 aerumnas
1496 4919 1602 4960 non
1632 4904 1834 4959 desinis
1862 4920 1995 4959 conv

412 4976 574 5031 solari
595 4978 727 5031 mira
748 4977 1048 5031 visitatione
1072 4976 1256 5045 gratiae
1285 4976 1432 5029 tuae?
1460 4975 1602 5031 Ecce
1633 4990 1719 5029 me
1744 4977 1994 5029 miserum

411 5047 594 5103 multis
636 5047 957 5102 maeroribus
1003 5044 1215 5116 plenum
1242 5086 1258 5111 ,
1297 5044 1422 5100 dum
1448 5047 1571 5100 vita:
1616 5061 1747 5099 meae
1788 5047 1951 5101 timeo
1977 5089 1992 5114 ,

414 5118 541 5174 dum
563 5128 779 5189 peccata
806 5132 923 5173 mea
953 5117 1257 5182 considero,
1283 5116 1408 5172 dntu
1430 5117 1690 5189 judicium
1720 5127 1865 5172 tuum
1888 5117 1995 5172 for-

443 5232 615 5344 ufd
652 5231 915 5292 Mettensis,
942 5227 1111 5295 regina
1141 5229 1455 5295 superborum
1472 5265 1489 5293 ,
1529 5242 1674 5296 quam
1694 5238 1895 5282 honores
1918 5236 1994 5282 tu-

496 5357 547 5418 α)
581 5356 682 5406 Vid.
709 5355 795 5405 lib.
821 5356 986 5406 Medit.
1012 5367 1116 5418 cap.
1142 5354 1225 5405 57.

495 5415 547 5482 ὁ)
581 5418 759 5469 Αιιιιεὶο
780 5419 841 5468 ad
865 5419 994 5468 hom.
1020 5415 1083 5468 37'
1106 5420 1322 5482 Gregorii
1344 5419 1395 5469 in
1415 5415 1743 5481 Evangelium.

494 5480 543 5554 ο)
579 5482 679 5554 yid.
702 5482 785 5531 lib.
812 5480 1223 5554 incdit:
1266 5543 1277 5553 .
1344 5541 1354 5551 _

472 5540 550 5605 ((1)
585 5551 696 5594 Haec
724 5544 891 5602 verba,
916 5542 999 5593 ubi
1020 5540 1238 5594 diabolus
1260 5541 1539 5601 insidiatur,
1565 5545 1771 5605 attractus
1814 5540 1989 5591 adula-

410 5604 507 5663 tur,
526 5604 639 5654 raro
662 5605 946 5665 delectatur,
971 5605 1133 5655 (mima
1155 5612 1447 5665 exclaratur,
1474 5612 1593 5654 totus
1633 5604 1770 5654 homo
1795 5611 1985 5656 contur-

404 5665 569 5727 batur,
594 5668 643 5718 iu
663 5668 788 5718 dicta
811 5675 937 5719 orat.
966 5674 1045 5717 Ms.
1075 5669 1320 5719 Mettensis
1337 5680 1433 5718 non
1456 5678 1729 5719 occurrunt.

1898 175 2007 236 AP]

2118 177 2265 239 [υιχ.
2691 143 2708 153 ’
3090 128 3099 131 ᾉ
3195 136 3229 142 ’ί
3592 186 3677 256 95¢

2131 297 2276 378 mide
2294 337 2312 365 ,
2338 298 2464 355 dum
2490 300 2676 378 mortis
2702 299 2887 358 horam
2906 304 3084 374 cogito
3102 302 3276 378 ,__dum
3300 305 3559 378 supplici
3584 317 3677 378 tar-

2128 368 2235 449 tari
2250 367 2466 449 horreo,
2489 369 2612 426 dum
2640 386 2799 449 ppera
2822 389 2934 429 mea
2948 367 3065 449 qua
3094 367 3427 449 districtione
3445 393 3476 432 a
3496 387 3549 434 te
3570 372 3675 449 pdi-

2124 448 2309 515 sentur
2355 442 2746 515 ignoro,_dum
2791 460 2896 515 quo
2938 442 3044 500 ﬁne
3095 446 3183 500 illa
3224 449 3506 504 clausurus
3553 442 3675 506 siml

2124 513 2332 583 penitus
2355 514 2555 578 nescio,
2580 511 2948 583 dutnque'htec
2970 525 3027 571 et
3050 516 3153 571 alia
3177 520 3345 575 multa
3368 535 3579 575 mecum
3603 523 3677 580 sub

2122 582 2578 659 cordei'etracto,
2606 582 2972 659 consolaturus
3008 587 3137 659 ades
3163 588 3324 659 solita
3346 589 3569 659 pietate,
3598 590 3676 649 Do-

2123 656 2266 709 mine
2292 655 2459 732 Deus,
2481 665 2535 710 et
2564 654 2702 732 inter
2726 654 2821 710 has
2843 657 3110 732 querelas,
3140 654 3442 732 nimiosque
3470 654 3679 730 ploratus

2122 739 2186 780 ac
2235 724 2491 794 profunda
2539 726 2717 782 cordis
2763 724 3026 796 suspiria,
3077 724 3306 784 assumis
3352 724 3604 787 hastam
3637 746 3676 790 et

2122 797 2332 851 anxiam
2358 804 2588 852 mentem
2618 811 2779 867 super
2804 797 2910 870 alta
2953 799 3076 870 iuga
3104 801 3370 856 montium
3395 802 3467 857 ad
3496 805 3679 860 areolas

2122 882 2293 941 usque
2309 878 2626 941 aromatum,
2654 877 2709 925 et
2732 869 2965 941 collocas
2984 869 3068 924 me
3092 870 3145 925 in
3173 870 3294 926 loco
3313 886 3529 941 pascua:
3549 889 3681 932 secus

2123 938 2323 994 rivulos
2347 938 2579 994 dulcium
2610 954 2886 1013 aquarum,
2919 940 3009 997 ubi
3034 938 3385 1011 prreparas‘in
3413 954 3679 1013 conspectu

2122 1024 2524 1093 meohmensam
2565 1010 2872 1093 multiplicis
2898 1010 3230 1093 apparatus,
3262 1029 3383 1093 qua:
3428 1010 3682 1093 fatigatum

2121 1080 2363 1155 spiritum
2395 1088 2659 1155 repauset,
2680 1089 2867 1155 etcor
2894 1080 3043 1155 triste
3069 1080 3335 1150 Itetilicet;
3364 1080 3565 1155 quibus
3594 1093 3682 1141 tan-

2121 1150 2243 1205 dem
2266 1151 2588 1206 rel’ocillatus
2610 1152 2812 1207 deliciis
2830 1194 2845 1217 ,
2874 1154 3159 1208 multarum
3185 1150 3528 1211 miseriarum
3555 1171 3682 1212 mea-

2122 1236 2239 1277 rum
2269 1223 2462 1278 oblitus
2480 1264 2495 1288 ,
2514 1223 2762 1295 elevatus
2789 1237 2952 1294 super
2992 1223 3327 1282 altitudinem
3357 1236 3542 1295 terra},
3576 1227 3626 1283 in
3645 1237 3685 1286 te

2121 1307 2250 1348 vera
2278 1308 2407 1362 pace
2437 1293 2654 1418 q’t‘tiesco
2679 1291 2778 1419 (αἲ.

2191 1363 2415 1419 CAPUT
2510 1401 2523 1414 .
2566 1363 2726 1419 Postu
2749 1382 2778 1418 α

2191 1363 2415 1420 CAPUT
2455 1363 2523 1418 X.
2566 1363 2851 1419 Postulatio
2891 1366 3079 1421 amoris
3111 1363 3228 1422 Dei.
3267 1368 3409 1425 Amo
3441 1378 3536 1435 te,
3568 1370 3681 1427 Deus

2120 1450 2289 1501 meus,
2310 1450 2430 1489 amo
2449 1477 2464 1502 ,
2483 1443 2537 1489 et
2581 1436 2749 1505 magis
2772 1444 2931 1505 atque
2980 1438 3150 1506 magis
3173 1454 3358 1496 amare
3383 1448 3438 1496 te
3462 1443 3609 1498 volo.
3624 1441 3683 1499 De

2121 1507 2249 1577 mihi
2271 1547 2285 1570 ,
2324 1507 2545 1561 Domine
2571 1505 2698 1562 Jcsu
2723 1508 2962 1575 Speciose
2992 1505 3104 1576 prae
3148 1508 3271 1566 ﬁliis
3297 1510 3615 1577 hominum,
3639 1525 3681 1570 ut

2120 1576 2419 1655 desiderem
2452 1587 2504 1631 te
2523 1618 2538 1643 ,
2572 1584 2630 1631 ut
2652 1592 2826 1633 amem
2858 1587 2942 1655 te,
2972 1588 3224 1649 quantum
3260 1582 3422 1655 volo,
3448 1576 3680 1655 quantum

2120 1647 2309 1703 debeo.
2337 1648 2631 1721 immensus
2657 1663 2717 1703 es
2737 1690 2750 1713 ,
2782 1657 2836 1703 et
2870 1647 3003 1721 sine
3017 1665 3265 1706 mensura
3292 1647 3645 1710 debes'amari
3665 1697 3681 1721 ,

2123 1719 2419 1796 praesertim
2447 1734 2477 1773 a
2499 1718 2813 1796 nobisqnos
2838 1720 2918 1796 _sic_
2942 1721 3130 1796 amasii
3155 1762 3169 1785 ,
3198 1722 3277 1777 sic
3320 1724 3536 1796 salvasti
3558 1766 3575 1789 ,
3600 1718 3680 1796 pro

2122 1790 2312 1877 quibus
2338 1799 2487 1877 tanta
2511 1804 2577 1877 ac
2602 1789 2725 1877 talia
2748 1789 2941 1877 iecisti.
2975 1791 3057 1877 (_b)_
3148 1808 3344 1877 amor“:
3372 1795 3467 1877 qui
3490 1789 3681 1877 semper

2120 1860 2277 1917 ardes
2303 1869 2356 1915 et
2381 1875 2649 1930 nunquam
2675 1861 3059 1931 exstingueris!
3081 1861 3253 1919 dulcis
3282 1860 3524 1931 Christe,
3566 1860 3686 1922 bone

2121 1932 2251 1987 Jesu
2274 1974 2291 1999 ,
2323 1932 2554 1986 charitas
2596 1932 2737 2007 Deus
2776 1947 2962 2007 meus,
2990 1933 3221 2007 accende
3254 1950 3345 2007 me
3384 1945 3563 1991 totum
3590 1938 3687 2007 igne

2122 2008 2232 2073 tuo,
2264 2017 2446 2058 amore
2472 2010 2595 2067 tuo,
2623 2001 2905 2059 dulcedine
2937 2012 3023 2058 tua
3048 2046 3063 2067 ,
3093 2005 3381 2061 dilectione
3410 2015 3541 2073 tua,
3570 2001 3689 2063 desi-

2118 2072 2269 2128 derio
2300 2082 2389 2145 tuo
2411 2114 2426 2140 ,
2469 2073 2726 2128 charitate
2754 2082 2840 2128 tua
2865 2115 2880 2139 ,
2906 2073 3233 2145 iucunditate
3269 2087 3329 2132 et
3350 2072 3690 2135 exsultatione

2120 2150 2207 2197 tua
2232 2184 2245 2207 ,
2275 2143 2475 2217 pietate
2512 2152 2569 2199 et
2593 2145 2852 2201 suavitate
2895 2143 2983 2200 tua
3003 2187 3018 2211 ,
3051 2146 3325 2217 voluptate
3354 2156 3414 2203 et
3450 2153 3688 2217 concupi-

2118 2214 2319 2287 scentia
2347 2223 2455 2279 tua,
2478 2230 2597 2285 quae
2625 2225 2807 2287 sancta
2836 2223 2925 2287 est
2951 2225 3005 2270 et
3029 2214 3193 2284 bona,
3221 2233 3343 2287 qua:
3371 2230 3531 2275 casta
3558 2214 3692 2275 estet

2117 2282 2316 2360 munda
2346 2302 2360 2339 :
2391 2293 2449 2340 ut
2485 2282 2625 2360 totus
2662 2284 2942 2360 dulcedine
2969 2282 3273 2360 amoris'tui
3315 2289 3540 2360 plenus,
3576 2301 3691 2345 totis

2116 2353 2456 2431 ﬂammatum
2481 2356 2754 2431 charitatis
2775 2367 3082 2431 vaporatus,
3100 2353 3399 2431 diligam'te
3425 2353 3687 2417 Dominum

2117 2441 2293 2480 meum
2320 2425 2685 2482 dulcissimum
2725 2437 2781 2483 et
2820 2425 3234 2498 pulcherrimum
3275 2446 3345 2486 ex
3393 2440 3517 2487 toto
3543 2432 3681 2488 corde

2117 2512 2257 2562 meo,
2284 2513 2349 2551 ex
2379 2505 2487 2552 tota
2512 2499 2691 2553 anima
2716 2514 2855 2565 mea,
2888 2514 2953 2554 ex
2979 2500 3102 2555 totis
3130 2501 3331 2556 viribus
3360 2505 3527 2568 meis,
3558 2513 3609 2560 et
3629 2520 3683 2560 et

2116 2568 2263 2622 omni
2293 2568 2586 2624 intentione
2625 2584 2745 2625 mea
2769 2612 2786 2637 ,
2815 2585 2937 2627 cum
2979 2571 3143 2626 multa
3167 2571 3349 2628 cordis
3376 2576 3686 2630 contritione

2115 2647 2169 2693 et
2194 2639 2547 2711 Iacrymarum
2591 2640 2770 2709 fonte,
2814 2655 2936 2697 cum
2979 2641 3146 2697 multa
3183 2647 3495 2700 reverentia
3524 2656 3577 2702 et
3601 2656 3686 2700 tre-

2116 2724 2266 2784 more
2288 2710 2315 2775 ,
2333 2710 2533 2766 habens
2572 2717 2625 2766 te
2662 2711 2717 2784 in
2748 2712 2909 2784 corde
2930 2753 2945 2779 ,
2986 2718 3042 2767 et
3069 2713 3124 2767 in
3152 2729 3281 2781 ore,
3309 2726 3369 2769 et
3398 2731 3517 2784 pra:
3541 2716 3686 2773 oculis

2114 2781 2250 2853 meis
2274 2797 2506 2852 semper,
2533 2790 2586 2836 et
2622 2783 2855 2853 ubique;
2884 2783 2956 2838 ita
2987 2791 3045 2838 ut
3084 2784 3259 2841 nullus
3287 2785 3342 2841 in
3373 2781 3472 2843 me
3494 2787 3685 2844 adulte-

2114 2851 2246 2907 rinis
2271 2852 2543 2907 amoribus
2570 2851 2747 2921 pateat
2771 2853 2942 2909 locus.

2183 2921 2408 2978 CAPUT
2447 2921 2538 2977 XI.
2577 2921 2913 2999 1tem_gratiw
2933 2925 3475 2999 lacrymarumietopi:
3496 2930 3684 2984 divina.

2115 2990 2260 3066 inter
2302 3010 2453 3048 sacra
2506 2990 2781 3064 praesertim
2833 2990 3088 3066 mysteria.
3148 2990 3523 3055 Pulcherrime
3571 2999 3687 3055 Jesn

2114 3062 2357 3135 Christe,
2384 3062 2515 3134 rogo
2558 3076 2608 3119 te
2634 3081 2728 3134 per
2769 3062 2910 3121 illam
2938 3068 3352 3124 sacratissimam
3382 3069 3686 3126 eﬂ'usionem

2114 3135 2330 3209 pretiosi
2355 3135 2628 3209 sanguinis
2657 3137 2731 3191 tui
2762 3148 2877 3208 quo
2918 3138 3181 3209 redempti
3207 3155 3396 3195 sumus
3418 3181 3436 3209 ,
3467 3141 3537 3197 da
3566 3141 3688 3197 mihi

2113 3206 2288 3289 cordis
2313 3206 2697 3289 contritionem.
2714 3216 2769 3262 et
2790 3206 3145 3289 lacrimarum
3171 3210 3394 3289 (ornem,
3421 3206 3688 3289 praecipue

2113 3276 2237 3349 dum
2264 3286 2544 3349 precesiet
2567 3279 2833 3349 orationes
2878 3276 2970 3349 tibi
2996 3278 3168 3336 offero
3190 3321 3206 3349 ,
3239 3281 3367 3336 dum
3395 3276 3496 3337 tuae
3518 3276 3689 3336 laudis

2113 3347 2205 3422 tibi
2237 3346 2585 3422 psalmodiam
2607 3348 2859 3422 decanto,
2885 3346 3350 3422 dumimysteriutn
3377 3360 3566 3422 nostra:
3592 3367 3684 3407 re-

2111 3417 2450 3483 demptionis,
2479 3417 2819 3475 manifestum
2849 3417 3234 3478 misericordia:
3264 3433 3361 3478 tum
3386 3420 3642 3478 indicium
3664 3464 3685 3488 ,

2112 3488 2292 3543 recolo
2353 3489 2440 3542 vel
2482 3489 2694 3559 profero
2717 3532 2733 3556 ,
2761 3490 2886 3546 dum
2929 3491 3096 3547 sacris
3121 3492 3379 3550 altaribus
3399 3492 3528 3548 licet
3551 3492 3688 3547 indi-

2110 3574 2244 3627 gnus
2269 3559 2460 3613 assiste
2486 3561 2706 3629 cupiens
2728 3561 2922 3617 oll‘erre
2961 3561 3093 3618 illud
3118 3564 3365 3620 mirabile
3387 3572 3443 3620 et
3464 3565 3682 3620 calcate

2108 3630 2433 3708 sacriﬁcium
2466 3631 2612 3708 omni
2653 3633 2952 3708 [everentia
2998 3644 3053 3690 et
3095 3632 3383 3708 devotione
3427 3634 3680 3708 dignum,

2109 3699 2248 3772 quod
2275 3708 2330 3754 tu
2355 3742 2369 3764 ,
2400 3700 2622 3772 Domine
2652 3701 2790 3757 Deus
2817 3718 2999 3769 meus,
3031 3705 3283 3761 sacerdos
3320 3699 3683 3772 immaéutate,

2109 3770 2400 3845 instituisti,
2424 3779 2479 3845 et
2502 3770 2679 3845 offerri
2710 3774 3011 3845 praecepisti
3037 3774 3092 3831 in
3117 3770 3679 3833 commemorationem

2108 3849 2212 3917 tuae
2229 3841 2512 3917 icharitatis
2542 3841 2864 3911 (Lamum,
2885 3841 3017 3917 'I9),
3042 3847 3231 3903 mortis
3258 3848 3467 3904 scilicet
3487 3856 3543 3903 et
3568 3861 3685 3917 pas-

2107 3912 2292 3992 sionis,
2318 3926 2413 3980 pro
2437 3912 2608 3992 salute
2631 3923 2834 3992 nostra,
2864 3932 2959 3986 pro
2976 3912 3284 3987 quotidiana
3306 3927 3509 3992 nostra:
3527 3912 3687 3988 fragi-

2108 3980 2271 4036 litatis
2292 3983 2647 4052 reparatione.
2674 3980 3033 4042 Conlirinetur
3056 4003 3210 4044 mens
3231 4004 3354 4046 mea
3382 3991 3522 4046 inter
3542 3980 3685 4044 uita

2106 4053 2358 4123 mysteria
2380 4052 2663 4126 dulcedine
2689 4058 2987 4126 prmsentiae
3013 4066 3140 4125 tute,
3169 4061 3367 4115 sentiat
3393 4070 3447 4116 te
3470 4061 3569 4116 sibi
3592 4058 3685 4113 ad—

2107 4137 2265 4211 esse:
2301 4132 2370 4211 et.
2398 4124 2604 4211 ιεῖέιειιπ
2630 4124 2811 4211 εοῖβηι
2855 4124 3230 4211 talentis!“
3258 4145 3476 4211 sceret
3502 4131 3681 4211 ιειοεεν

2103 4207 2257 4268 amor
2285 4195 2373 4263 qui
2403 4209 2617 4264 semper
2641 4196 2797 4268 ardes
2819 4240 2837 4265 ,
2864 4195 3034 4256 dulcis
3060 4195 3309 4268 Christe,
3337 4195 3481 4257 bone
3513 4201 3641 4257 Jesu
3658 4241 3678 4266 ,

2105 4263 2285 4342 iumen
2305 4263 2562 4342 aeternum
2586 4276 2644 4321 et
2668 4263 2995 4342 indefieiens,
3030 4272 3183 4342 panis
3210 4263 3333 4327 vita:
3356 4274 3449 4342 qui
3477 4286 3571 4342 nos
3593 4263 3674 4323 re;

2105 4333 2256 4400 Iicis,
2289 4344 2356 4410 et
2383 4337 2436 4391 in
2468 4345 2521 4392 te
2558 4352 2667 4395 non
2713 4338 2924 4402 deﬁcis;
2969 4333 3207 4410 quotidie
3249 4333 3544 4398 comederis
3566 4382 3588 4409 ,
3631 4348 3682 4396 et

2103 4420 2319 4481 semper
2343 4407 2548 4477 integer
2572 4423 2788 4481 manes:
2808 4407 3091 4481 resplende
3119 4410 3285 4479 mihi,
3301 4413 3529 4469 accende
3556 4407 3675 4477 the,

2104 4476 2345 4532 illumina
2373 4487 2427 4533 et
2464 4476 2738 4534 sanctiﬁca
2770 4494 2862 4535 vas
2902 4476 3053 4536 tuum
3072 4519 3091 4547 ,
3122 4483 3191 4537 de
3220 4476 3423 4539 malitia
3448 4476 3674 4546 evacua,

2102 4546 2264 4622 imple
2309 4548 2375 4603 de
2403 4550 2570 4618 gratia
2611 4559 2664 4622 et
2690 4551 2904 4622 plenum
2947 4546 3246 4618 conserva;
3279 4563 3339 4608 ut
3364 4553 3433 4609 ad
3458 4553 3674 4608 salutem

2103 4620 2292 4696 animae
2319 4634 2450 4696 mea:
2477 4620 2810 4696 mandueem
2827 4623 3002 4678 cibum
3044 4624 3223 4696 carnis
3255 4632 3364 4680 tua:
3384 4667 3401 4691 ,
3425 4628 3674 4696 quatenus

2104 4689 2475 4764 manducando
2494 4699 2567 4754 te,
2591 4693 2762 4747 vivam
2780 4692 2848 4748 de
2866 4702 2940 4764 te,
2960 4693 3147 4748 vadam
3172 4710 3269 4762 per
3287 4706 3363 4764 te,
3382 4689 3675 4764 perveniam

2103 4760 2169 4814 ad
2200 4769 2250 4814 te
2275 4802 2289 4825 ,
2319 4769 2373 4814 et
2402 4775 2679 4830 repausem
2710 4766 2761 4817 in
2791 4774 2859 4818 te.
2889 4763 2935 4820 Ο
2972 4760 3199 4820 dulcedo
3226 4760 3428 4821 amoris
3451 4772 3678 4820 clamor

2100 4830 2401 4904 dulcedinis
2421 4873 2434 4895 ,
2480 4833 2726 4888 comedat
2753 4843 2805 4889 te
2831 4844 3015 4890 venter
3054 4851 3208 4891 meus
3232 4877 3249 4904 ,
3290 4849 3348 4892 et
3374 4846 3569 4893 nectare
3597 4832 3673 4885 tui

2098 4902 2305 4956 amoris
2326 4904 2632 4972 repleantur
2655 4905 2859 4960 viscera
2887 4921 3005 4961 mea
3029 4946 3045 4970 ,
3074 4915 3131 4960 ut
3154 4902 3365 4962 eructet
3389 4920 3519 4961 nicas
3550 4918 3675 4957 mea

2103 4972 2322 5048 verbum
2346 4973 2560 5048 bonum.
2592 4974 2837 5030 Charitas
2870 4976 3011 5048 Deus
3038 4992 3212 5044 meus,
3242 4978 3336 5048 qui
3356 4977 3454 5032 mel
3473 4974 3628 5048 dulce
3658 5014 3677 5036 9

2102 5041 2186 5098 Iac
2207 5047 2438 5116 niveum,
2464 5045 2613 5100 cibus
2632 5061 2692 5100 es
2714 5047 3019 5116 grandium,
3044 5049 3127 5103 lac
3154 5041 3243 5103 me
3260 5041 3491 5104 crescere
3511 5043 3569 5097 in
3596 5052 3673 5107 ιρι

2108 5122 2165 5168 ut
2190 5128 2322 5168 sano
2348 5115 2524 5182 palato
2546 5115 3053 5184 possis'manducari
3080 5133 3111 5171 a
3134 5134 3241 5174 me.

2170 5184 2321 5262 (ᾈΡ.
2340 5181 2449 5239 XII.
2464 5181 2748 5262 Cogitatum
2767 5204 2963 5262 omnem
2983 5191 3036 5243 in
3054 5188 3308 5247 Christum
3322 5181 3679 5262 interdum!»

2166 5271 2196 5309 o
2212 5257 2327 5327 jam
2350 5271 2640 5330 regnantur.
2660 5258 2737 5312 Tu
2750 5271 2814 5330 es
2830 5261 2937 5314 vita
2953 5274 3075 5330 mea
3088 5274 3192 5330 qua
3213 5257 3577 5330 vivo,45pes_ct_ti
3593 5257 3673 5304 iu~

2090 5323 2298 5393 mereo,
2326 5323 2489 5398 gloria
2513 5342 2670 5399 quam
2698 5328 2918 5400 adipisci
2930 5323 3200 5386 desidero.
3230 5329 3297 5401 (ο)
3320 5323 3537 5383 Ταήιίιιὶ
3569 5337 3675 5377 cor

2162 5484 2178 5556 ξ
2213 5484 2567 5556 essetesse
2586 5456 2713 5556 addi!
2732 5521 2747 5545 ν
2947 5492 3058 5551 ωε·
3074 5485 3225 5556 male
3243 5491 3368 5556 ante:
3389 5478 3531 5532 ίυωο

2180 5545 2232 5622 ίξὶ
2265 5545 2352 5622 eis.
2379 5545 2555 5622 ιεςξείιξίμ
2575 5547 2699 5622 θερμά
2723 5548 2995 5622 metam
3013 5545 3173 5600 δεδαίι·
3202 5548 3275 5599 με

2163 5605 2236 5734 (ινέ
2272 5609 2372 5678 vid.
2398 5605 2481 5656 lib.
2510 5605 2668 5658 Medii.
2696 5623 2800 5675 cap.

2161 5674 2207 5731 (ε
2267 5669 2407 5735 lbtd.,
2426 5682 2532 5735 cap.
2556 5670 2636 5720 57.
