3804 6358
137 390 224 454 θεῖς-ς
1592 375 1940 450 MANUALE.

141 503 507 565 consolatione.
530 491 796 566 Obsecro,
827 495 1047 556 Domine
1070 539 1085 565 ,
1118 499 1357 554 esuriens
1383 501 1519 570 ccepi
1550 517 1696 570 quaa—

141 595 245 636 me
273 588 320 629 te
344 617 357 638 ,
393 590 461 626 ne
491 573 708 628 deserar
730 574 940 642 jejunus
969 588 996 625 a
1027 581 1076 628 te
1106 590 1118 625 :
1157 572 1428 629 famelicus
1462 574 1661 628 accessi
1688 614 1701 636 ,

138 665 195 707 ne
221 645 464 701 recedam
495 645 772 715 impastus.
797 645 1002 715 Pauper
1031 645 1149 699 veni
1172 646 1240 698 ad
1259 645 1474 699 divitem
1501 686 1516 709 ,
1540 645 1704 702 miser

137 720 194 778 ad
217 714 618 776 misericordem
644 733 659 780 ;
688 733 753 771 ne
780 714 1022 772 recedam
1044 729 1242 770 vacuus
1267 726 1320 771 et
1345 724 1701 780 contemptus.

139 791 347 849 Domine
369 832 387 853 ,
416 790 726 843 incurvatus
751 801 869 841 sum
893 828 908 851 ,
939 795 993 840 et
1028 802 1132 840 non
1174 801 1389 855 possum
1419 787 1520 840 nisi
1547 787 1703 855 deor-

138 879 240 918 sum
256 861 498 930 aSpicere
530 875 542 912 :
565 858 711 928 erige
731 872 815 913 me
836 900 850 922 ,
872 868 929 911 ut
949 857 1146 927 possim
1170 854 1380 912 Sursum
1403 854 1700 930 intendere.

139 928 434 1002 iniquitates
460 943 595 1002 mete
619 943 977 998 supergressa:
1017 936 1141 982 sunt
1179 937 1338 997 caput
1363 943 1541 1002 meum
1562 969 1594 1002 λ
1611 928 1704 1002 ob-

141 997 406 1060 volverunt
427 1043 444 1068 ,
473 1010 530 1057 et
558 1001 693 1070 sicut
719 997 858 1055 onus
885 1013 1045 1070 grave
1069 1010 1356 1068 gravarunt
1384 1015 1470 1054 me
1505 1000 1523 1070 (
1553 997 1700 1052 Psat.

143 1090 308 1131 xxxvii
327 1114 344 1138 ,
373 1073 409 1127 5
434 1076 473 1140 ).
505 1069 701 1126 Evolve
728 1086 816 1126 me
844 1111 859 1135 ,
887 1069 939 1125 et
967 1084 1197 1125 exonera
1241 1085 1326 1126 me
1349 1110 1364 1134 ,
1413 1085 1480 1125 ne
1516 1069 1706 1139 urgeat

143 1156 312 1216 puteus
341 1158 530 1199 earum
556 1156 618 1196 os
643 1157 796 1216 suum
823 1155 983 1216 super
1012 1156 1115 1196 me.
1154 1140 1338 1216 Liceat
1369 1141 1499 1195 mihi
1523 1141 1705 1216 suspi-

145 1210 250 1272 éere
279 1215 451 1270 lucem
488 1224 630 1268 tuam
654 1253 670 1276 ,
702 1212 785 1268 vel
824 1210 891 1268 de
934 1211 1088 1281 longe
1114 1253 1128 1276 ,
1175 1213 1258 1267 vel
1308 1211 1375 1267 de
1421 1210 1700 1281 profundo.

148 1289 267 1342 Doce
291 1301 376 1341 me
403 1299 647 1353 quaerere
675 1291 728 1338 te
751 1324 767 1350 ,
796 1292 850 1338 et
893 1281 1114 1353 ostende
1160 1291 1210 1337 te
1243 1284 1541 1352 qumrenti;
1581 1283 1704 1352 quia

147 1373 230 1413 nec
254 1352 494 1427 quzerere
514 1365 574 1427 te
606 1370 818 1427 possum
848 1353 945 1408 nisi
975 1367 1029 1427 tu
1058 1352 1254 1427 doceas
1276 1395 1298 1427 ,_
1329 1370 1435 1427 nec
1467 1353 1702 1427 invenire

149 1428 236 1484 nisi
260 1423 308 1483 te
336 1425 611 1481 ostendas.
639 1425 881 1492 Quaeram
907 1434 956 1479 te
984 1423 1336 1479 desiderando
1361 1467 1377 1491 ,
1405 1423 1704 1478 desiderem

149 1497 456 1568 qmerendo;
504 1497 774 1566 inveniam
823 1495 1088 1568 amando,
1143 1511 1317 1568 amem
1367 1495 1702 1568 inveniendo.

150 1565 322 1626 Fateor
343 1612 358 1635 ,
389 1568 615 1623 Domine
643 1610 657 1631 ,
689 1565 961 1636 et’gratias
985 1581 1084 1635 ago
1109 1607 1123 1630 ,
1151 1567 1274 1636 quia
1299 1565 1492 1622 creasti
1530 1565 1584 1619 in
1621 1581 1706 1620 me

150 1641 271 1695 hanc
294 1641 574 1710 imaginem
600 1647 739 1692 tuam
765 1656 779 1692 :
805 1646 862 1710 ut
883 1637 956 1710 tui
978 1651 1183 1710 memor
1204 1637 1304 1692 sim
1331 1678 1358 1710 ,_
1372 1647 1423 1710 te
1443 1637 1670 1710 cogitem
1689 1679 1703 1701 ,

150 1723 194 1768 te
217 1707 541 1766 amemIScd
573 1710 650 1764 sic
669 1716 761 1781 est
787 1708 980 1764 abolita
1007 1707 1278 1764 attritione
1315 1708 1559 1781 vitiorum
1584 1749 1598 1773 ,
1631 1709 1708 1762 sic

147 1797 221 1840 est
246 1781 509 1836 obfuscata
540 1779 684 1836 fumo
708 1789 1046 1850 peccatorum
1070 1822 1084 1844 ,
1119 1790 1176 1834 ut
1201 1795 1306 1834 non
1335 1779 1501 1850 possit
1529 1777 1707 1832 facere

149 1855 207 1908 ad
234 1854 364 1924 quod
395 1851 540 1924 facta,
563 1861 683 1924 est,
715 1850 817 1906 nisi
847 1860 901 1904 tu
932 1865 1154 1904 renoves
1178 1859 1239 1924 et»
1270 1850 1529 1924 reiormes
1563 1863 1704 1904 eam.

149 1919 267 1979 Non
300 1919 475 1985 tento',
520 1923 780 1987 Domine,
832 1930 1107 1992 penetrare
1153 1920 1481 1975 altitudinem
1524 1929 1705 1992 uiam,

195 1997 271 2048 nia
290 1997 576 2048 nullatenus
597 1990 848 2061 comparo
875 1992 949 2045 illi
972 1992 1298 2046 intellectum
1326 2007 1522 2045 meum.
1557 1990 1675 2044 Desi
1691 2020 1708 2030 -

233 2081 287 2118 ro
309 2066 620 2134 aliquatenus
664 2063 960 2133 intelligere
1008 2061 1282 2116 veritatem
1334 2072 1478 2116 tuam
1504 2103 1518 2127 ,
1547 2075 1704 2134 quam

170 2136 327 2191 credit
349 2131 402 2189 ct'
421 2137 576 2202 diligit
605 2151 700 2190 cor
725 2131 900 2188 meum
933 2151 944 2186 :
979 2149 1150 2200 neque
1175 2134 1317 2187 enim
1343 2148 1523 2202 qumro
1553 2131 1708 2186 intel-

167 2208 323 2276 ligcre
347 2216 396 2259 ut
418 2201 614 2260 Cl’i'tialtl
641 2248 654 2270 ,
691 2204 782 2276 sed
811 2203 972 2276 credo
1001 2214 1056 2256 ut
1085 2201 1392 2276 intelligam.
1418 2201 1500 2276 7(a)
1527 2203 1665 2271 Ergo
1690 2243 1704 2266 ,

163 2274 371 2332 Domine
390 2321 404 2343 ,
431 2277 509 2345 qni
537 2276 634 2329 das
663 2275 783 2329 ﬁdei
817 2275 1138 2328 iutellectmn
1166 2316 1178 2336 ,
1212 2274 1277 2328 da
1304 2275 1429 2328 mihi
1461 2283 1514 2327 ut
1544 2289 1711 2345 quan-

159 2359 263 2402 tum
289 2351 384 2400 scis
412 2344 658 2415 expedire
683 2386 698 2410 ,
731 2345 1014 2412 intelligam
1038 2385 1051 2408 ,
1100 2345 1218 2414 quia
1263 2360 1322 2400 es
1374 2347 1509 2400 sicut
1535 2344 1710 2399 credi-

150 2434 264 2474 mus
285 2460 299 2484 ,
329 2429 376 2471 ct
408 2419 505 2470 hoc
529 2432 589 2468 es
613 2416 756 2484 quod
785 2415 1073 2470 credimus.

219 2489 428 2544 CAPUT
451 2486 664 2542 XXXII.
699 2487 828 2541 Deus
858 2486 976 2553 quid
1009 2487 1092 2539 sit.
1125 2485 1225 2550 Qui
1255 2495 1385 2540 totus
1427 2487 1602 2540 bonus.
1648 2486 1713 2540 Et

157 2560 348 2630 quidem
366 2559 694 2630 credimuste
707 2557 1030 2630 essealiquid
1045 2571 1151 2626 quo
1169 2557 1297 2630 nihil
1318 2557 1486 2630 majiis
1500 2567 1587 2610 aut
1602 2573 1712 2611 me-

155 2625 263 2686 lius‘
282 2630 496 2700 cogitari
513 2629 697 2699 possit.
713 2628 788 2698 (b)
803 2625 937 2696 Quid
955 2625 1412 2700 ergoes,ADpniine
1432 2628 1588 2700 Deus,
1609 2643 1712 2696 quo

153 2703 308 2769 majus
327 2697 617 2770 meliusque
636 2697 764 2754 nihil
781 2700 918 2752 valet
935 2697 1154 2770 cogitari
1174 2698 1196 2748 't
1217 2697 1320 2752 Sed
1347 2697 1444 2751 hoc
1463 2698 1585 2768 quid
1608 2707 1709 2763 est,

154 2775 242 2827 nisi
270 2773 404 2843 quod
431 2769 698 2826 summum
721 2771 964 2843 omnium
989 2769 1216 2843 ,_s_oltini
1245 2770 1490 2843 existens
1517 2785 1610 2837 per
1653 2785 1712 2824 sc

153 2839 308 2914 ipsum
331 2885 346 2906 ,
376 2843 554 2898 omnia
583 2843 683 2896 alia
711 2841 927 2914 fecitres‘
956 2839 1158 2914 nihilo?
1186 2839 1454 2914 Quidquid
1481 2840 1580 2914 hoc
1607 2856 1712 2914 non

151 2910 252 2978 est,
282 2914 458 2969 minus
478 2928 542 2968 eo
565 2920 647 2967 est
671 2929 775 2982 quo
803 2911 930 2966 nihil
957 2910 1127 2980 majus
1151 2912 1317 2980 possit
1341 2910 1556 2979 cogitari
1579 2953 1593 2975 ,
1620 2910 1712 2964 sed

151 2984 243 3040 hoc
281 2987 348 3040 de
396 2995 451 3040 te
492 2985 711 3054 cogitari
755 2999 858 3038 non
904 2991 1096 3054 potest.
1148 2982 1298 3050 Quod
1343 2998 1467 3054 ergo
1516 2983 1711 3054 bonum

147 3057 288 3112 deest
312 3071 522 3110 summo
548 3053 686 3108 bono
714 3096 729 3119 ,
762 3069 856 3123 pcr
877 3053 1018 3122 quod
1044 3062 1125 3107 est
1169 3067 1329 3107 omne
1352 3053 1598 3123 bonum?
1633 3053 1712 3106 Tu

150 3143 202 3182 es
231 3131 402 3198 itaque
425 3128 598 3194 justus
623 3167 637 3190 ,
665 3122 826 3180 verax
846 3167 861 3192 ,
890 3126 1076 3198 beatus
1105 3165 1119 3189 ,
1153 3122 1493 3198 ctuquidquid
1525 3124 1714 3198 melius

154 3209 227 3253 est
260 3195 376 3253 esse
405 3213 560 3268 quam
593 3211 697 3268 non
725 3211 860 3251 esse.
890 3195 1084 3250 Verum
1120 3195 1276 3268 malis
1307 3197 1570 3268 quomodo
1597 3211 1716 3268 par-

147 3270 220 3323 cis
242 3313 255 3334 ,
287 3271 331 3323 si
358 3265 586 3323 es'totus
607 3267 782 3337 justus
812 3275 866 3321 et
889 3282 1094 3320 summe
1113 3265 1329 3335 justus?
1361 3267 1441 3319 An
1469 3267 1587 3335 quia
1617 3266 1713 3319 bo-

144 3343 280 3394 nitas
327 3352 410 3394 tua
455 3347 538 3394 eSt
580 3337 1170 3405 incomprehensibilis,
1222 3346 1277 3391 et
1329 3337 1456 3390 latet
1503 3337 1554 3389 in
1599 3338 1715 3390 luce

144 3411 528 3474 inaccessibili,
559 3425 715 3478 quam
747 3407 1051 3463 inhahitas?
1095 3408 1227 3462 Vere
1269 3409 1318 3460 in
1367 3408 1623 3478 altissimo
1662 3416 1717 3461 et

149 3483 495 3536 secretissima
523 3477 772 3534 bonitatis
801 3489 902 3532 tua:
933 3478 1194 3549 profundo
1230 3479 1356 3532 latet
1388 3477 1537 3538 fons.
1573 3478 1712 3532 unde

153 3562 330 3604 manat
354 3555 536 3606 ﬂuvius
564 3549 1087 3604 miscricordizetute.
1137 3549 1262 3602 Nam
1309 3565 1428 3604 cum
1481 3557 1620 3601 totus
1662 3557 1714 3602 et

146 3638 353 3677 summe
375 3624 541 3691 justus
568 3622 643 3676 sis
666 3663 681 3686 ,
712 3631 886 3674 tamen
925 3619 1121 3674 idcirco
1163 3619 1316 3674 malis
1358 3620 1515 3672 etiam
1565 3619 1717 3674 beni-

137 3709 275 3762 gnus
305 3709 360 3748 es
383 3735 399 3760 ,
427 3695 549 3763 quia
578 3700 718 3746 totus
746 3702 799 3746 et
825 3706 1032 3763 summe
1061 3691 1715 3763 bonusesaMinusuam-

134 3761 237 3834 que
269 3761 645 3834 honus‘csses,
675 3762 878 3834 sinulli
904 3762 1042 3834 malo
1063 3761 1511 3834 esses-benignus.
1535 3761 1716 3816 Melior

132 3831 212 3888 est
242 3836 384 3889 enim
416 3835 504 3905 qui
535 3845 588 3889 et
612 3833 765 3887 bonis
791 3832 949 3887 simul
973 3831 1391 3905 etmalisbonus
1413 3840 1528 3905 est,
1559 3847 1714 3901 quam

129 3907 216 3974 qui
251 3907 413 3960 brutis
435 3903 643 3958 tantum
677 3906 843 3957 honus
871 3913 968 3956 est.
1006 3904 1069 3956 Et
1105 3903 1292 3957 melior
1328 3910 1408 3957 est
1438 3904 1524 3971 qui
1565 3905 1716 3957 malis

129 3989 179 4032 et
214 3977 491 4047 parcendo
519 3985 570 4030 et
611 3974 874 4044 puniendo
913 3975 1240 4047 honusest,
1283 3989 1439 4042 quam
1486 3975 1574 4047 qui
1622 3990 1717 4042 pu-

127 4044 326 4103 niendo
360 4057 584 4101 tantum.
615 4047 738 4100 ideo
769 4062 892 4114 ergo
935 4044 1237 4099 misericors
1273 4061 1328 4098 es
1353 4086 1367 4108 ,
1413 4046 1531 4113 quia
1577 4054 1718 4102 totus

127 4129 177 4171 ct
206 4133 422 4173 summe
452 4119 620 4171 bonus
665 4131 742 4170 es.
790 4115 832 4171 0
880 4117 1132 4168 immensa
1185 4115 1427 4179 bonitas,
1473 4132 1592 4184 qua:
1641 4117 1716 4171 sic

125 4204 342 4245 omnem
375 4189 699 4244 intellectum
731 4187 943 4242 excedis
969 4229 982 4250 ,
1013 4188 1189 4239 veniat
1214 4201 1373 4256 super
1397 4201 1482 4240 me
1509 4189 1718 4240 miscri-

125 4265 307 4315 cordia
343 4262 456 4326 illa,
489 4276 608 4330 qum
636 4259 701 4312 de
733 4267 874 4330 tanta
907 4257 1172 4330 opulentia
1212 4257 1450 4330 procedit
1477 4274 1497 4330 _:
1536 4257 1716 4312 inﬂuat

125 4334 174 4383 in
209 4351 297 4387 me
319 4375 335 4398 ,
365 4348 483 4400 quxc
506 4327 725 4400 profluit
754 4329 820 4383 dc
844 4340 911 4383 te.
937 4327 1100 4382 Parce
1128 4343 1220 4396 per
1240 4328 1575 4382 clementiam
1603 4370 1617 4394 ,
1651 4344 1716 4382 ne

127 4404 414 4456 ulciscaris
454 4401 845 4470 pcr‘justitiam.

193 4469 718 4528 CAPUT’XXXHI.
767 4470 1034 4542 Quantum
1085 4479 1132 4522 et
1175 4470 1323 4539 quale
1376 4469 1582 4523 bonum.
1644 4469 1714 4542 (ε)

124 4543 314 4598 lixcita
365 4553 417 4596 te
486 4558 623 4597 nunc
647 4585 662 4609 ,
692 4541 864 4594 anima
923 4557 1037 4595 mea
1061 4580 1074 4604 ,
1108 4551 1160 4596 et
1188 4542 1331 4610 erige
1372 4549 1534 4594 totum
1565 4541 1718 4596 intel-

124 4616 325 4668 lectum
362 4625 505 4668 tuum
543 4632 556 4668 :
587 4623 640 4667 et
691 4612 861 4682 cogita
915 4623 1169 4681 quantum
1227 4621 1376 4680 potes
1401 4654 1413 4673 ,
1472 4612 1628 4680 quale
1661 4623 1715 4666 et

123 4697 389 4756 quantum
418 4686 488 4739 sit
520 4683 872 4756 illudbonum
899 4683 1037 4753 quod
1065 4684 1205 4756 Deus
1229 4692 1327 4736 cst.
1359 4684 1414 4737 Si
1440 4682 1580 4738 enim
1608 4684 1716 4756 sin-

122 4753 250 4824 gula
279 4758 417 4811 bona
445 4754 777 4809 delectabilia
807 4763 962 4819 sunt,
985 4755 1155 4824 cogita
1196 4755 1394 4808 intente
1421 4769 1576 4823 quam
1624 4753 1717 4810 dc-

131 4827 385 4882 lectabile
407 4826 477 4880 sit
506 4826 634 4880 illud
663 4827 886 4889 bonmn,
911 4826 1050 4894 quod
1072 4824 1309 4879 continet
1334 4825 1714 4893 jucunditatem

127 4899 409 4962 omnium;
435 4896 844 4964 etnonqualcm
893 4897 942 4948 in
985 4895 1142 4948 rebus
1173 4897 1364 4950 creatis
1410 4910 1590 4948 suums
1619 4911 1715 4950 cx-

130 4971 293 5038 perti,
312 4970 407 5023 sed
436 4977 585 5021 tanto
611 4967 965 5038 dill'erentem,
989 4975 1186 5038 quanto
1214 4965 1388 5018 ditl'crt
1417 4980 1443 5017 a
1472 4974 1714 5038 creatura

129 5036 376 5094 Creator.
435 5039 490 5092 Si
522 5039 665 5092 enim
693 5046 771 5090 est
822 5037 957 5090 bona
999 5037 1105 5089 vita
1149 5045 1360 5101 creata,
1388 5052 1543 5106 quam
1577 5036 1713 5091 bona

128 5119 210 5163 est
243 5111 359 5164 Vita
385 5108 657 5164 creatrix?
705 5106 758 5162 Si
792 5107 1023 5175 jucunda
1051 5114 1135 5161 est
1163 5108 1305 5160 salus
1345 5108 1475 5160 facta
1507 5150 1520 5170 ,
1554 5123 1712 5177 quam

129 5180 362 5304 iiscuuda
391 5189 477 5236 est
499 5177 655 5234 Salus
676 5193 792 5249 qua:
815 5177 937 5232 fecit
957 5194 1168 5232 omnem
1197 5178 1462 5232 salutem?
1492 5178 1546 5233 Si
1572 5194 1718 5234 ama-

165 5253 251 5304 ilis
267 5261 353 5304 est
378 5250 644 5304 sapientia
662 5248 964 5304 cognitione
989 5264 1162 5302 rerum
1189 5248 1538 5304 conditarum.
1560 5265 1715 5304 uuam

165 5253 251 5305 itis
267 5261 353 5306 est
378 5250 644 5320 sapientia
662 5248 964 5320 cognitione
989 5248 1538 5320 rerumicouditarum.
1560 5265 1715 5318 quam

127 5322 378 5378 amabilis
401 5319 481 5376 est
509 5319 780 5388 Sapientia
805 5336 922 5389 qua:
953 5321 1127 5373 omnia
1160 5319 1285 5375 fecit
1312 5328 1362 5374 et
1392 5321 1625 5374 condidit
1650 5337 1715 5375 ex

125 5395 296 5448 nihilo
318 5394 343 5446 ?
368 5393 611 5462 Denique
633 5393 676 5446 si
703 5391 882 5445 multae
902 5399 958 5445 et
974 5407 1174 5461 magna:
1196 5400 1319 5445 sunt
1339 5391 1715 5446 delectationes

123 5465 178 5523 in
209 5467 377 5524 rebus
402 5462 842 5528 delectabilibus,
873 5462 1041 5533 qualis
1067 5473 1119 5518 et
1143 5474 1334 5534 quanta
1365 5471 1450 5518 est
1483 5462 1718 5519 delecta-

186 5635 206 5667 ι
239 5632 377 5695 Apud
401 5629 698 5695 Anselmum,
725 5629 805 5695 hic
826 5634 877 5678 et
897 5625 1020 5695 inira
1041 5629 1293 5692 omittitur,
1317 5627 1505 5681 melius.

207 5689 364 5754 (1)1:
391 5692 606 5744 Ansclmi
630 5689 781 5741 Prosl.
806 5702 910 5754 cap.
929 5689 976 5740 2.

203 5754 260 5820 tr)
296 5762 359 5806 ει
375 5767 517 5820 capp.
535 5756 571 5806 5
589 5763 641 5805 et
663 5754 714 5804 9.

199 5814 256 5883 ε)
292 5814 728 5884 ῳωίᾷἑῳιυιιιωρ
752 5818 866 5884 ιιι
886 5814 1090 5884 ῆρωιηθι
1102 5817 1255 5884 capita
1286 5815 1365 5880 24,
1383 5815 1446 5868 23
1463 5825 1513 5870 et
1534 5816 1614 5881 ‘26,
1642 5818 1715 5869 di-

124 5879 441 5947 ui't’i'oslogii
464 5879 566 5933 tota
591 5880 672 5930 hic
692 5879 957 5940 descripta.

3279 403 3386 466 998

1817 504 1888 585 iio
1939 505 1992 559 in
2017 520 2082 560 eo
2104 505 2334 585 qui__i_psa
2361 507 2691 585 delccitabilia
2720 506 2885 566 fecit?
2929 511 2974 569 Ο
3002 513 3089 585 qui
3119 515 3220 573 hoc
3245 520 3382 584 bono

1810 573 2176 665 ireetuﬁmqiiid
2298 580 2422 665 erit,
2437 581 2559 665 quid
2576 583 2655 665 illi
2677 587 2933 665 nouerit?
2953 573 3386 665 Ce'rtequidquid

1810 647 2037 736 Σίμμᾳ-ιι
2050 649 2124 736 i
2141 650 2259 736 erit,
2275 661 2328 704 et
2335 647 2589 736 quidquid
2605 655 2830 736 noluerit
2850 673 2952 713 non
2967 647 3166 736 eritJbi
3185 647 3382 736 quippe

1810 718 2069 802 iliinerunt
2095 718 2467 802 bonaaninim
2485 718 2541 778 et
2576 727 2815 802 corporis
2837 769 2850 791 ,
2867 732 3052 802 qualia
3081 749 3178 789 nec
3203 718 3387 794 cuiius

1810 789 1949 864 vidit
1961 806 2108 864 ,_n_ce
2135 791 2526 864 aiii'isiau‘divit,
2553 811 2649 850 nec
2673 789 2723 850 in
2749 789 2844 852 cur
2865 789 3093 858 hominis
3119 789 3378 864 ascendit;

2151 861 2392 948 XXXIV:
2443 863 2584 918 Bona
2616 867 2684 948 'iu
2753 885 2810 921 eo
2857 874 3051 948 omnia._

1810 944 1904 999 per
1926 932 2086 986 multa
2110 933 2315 1008 vagaris
2334 975 2356 1008 ,ξ
2378 933 2662 1008 homuncio
2683 979 2697 1000 ,
2730 943 3016 1008 quaerendo
3041 945 3176 1002 bona
3192 932 3382 1006 anini’ae

1811 1011 1914 1056 tuae
1943 1004 2259 1078 _ct_corporis
2289 1005 2408 1078 tuii?‘
2433 1007 2562 1078 Ama
2601 1004 2764 1062 unum
2789 1010 2984 1066 bonum
3006 1055 3019 1076 ,
3053 1016 3104 1070 in
3134 1035 3238 1078 quo
3263 1004 3390 1078 sunt

1811 1071 1987 1153 omnia
2015 1072 2190 1139 bona;
2217 1074 2538 1153 etsufﬁcict.
2584 1079 2834 1153 Desidera
2881 1071 3107 1153 simplex
3145 1071 3337 1146 bondm

1810 1142 1951 1228 quod
1971 1155 2052 1199 est
2075 1136 2236 1228 oinne
2262 1146 2463 1228 lbenutn
2490 1165 2502 1212 ;
2528 1158 2580 1202 et
2605 1150 2733 1228 satis
2757 1162 2854 1206 est.
2893 1136 3036 1220 Quid
3048 1136 3384 1228 Eiiiﬁi'iiiii'sl

1810 1227 1935 1298 caro
1965 1231 2081 1298 mea
2153 1215 2275 1298 quiti
2297 1216 2569 1298 desideras
2593 1260 2608 1285 ,
2649 1222 2829 1298 anima
2854 1215 3016 1298 mea?
3056 1227 3130 1280 lbi
3160 1215 3385 1298 est,ibi

1809 1295 1893 1358 est
1919 1286 2168 1358 quidquid
2199 1289 2386 1342 amatis
2409 1330 2422 1351 ,
2445 1290 2697 1358 quidquid
2720 1291 3052 1350 desideratis.
3081 1297 3135 1352 Sl
3156 1286 3388 1358 delectat

1809 1357 2179 1438 pulchritudo;
2208 1357 2602 1438 fulgeimut’justi
2632 1363 2756 1415 sicut
2778 1365 2861 1438 se!
2891 1366 3102 1431 (Matth.
3131 1386 3244 1437 xm,
3269 1357 3384 1438 43).

1906 1428 2188 1506 velecitas,
2211 1427 2306 1482 aut
2333 1427 2616 1506 fortitudo,
2648 1444 2739 1506 aut
2775 1427 2989 1506 libertas
3013 1427 3273 1506 corporis,
3302 1427 3388 1498 cui

1809 1497 1939 1584 nihil
1968 1498 2241 1584 obsistere.
2264 1499 2460 1582 pOSSii;
2501 1513 2648 1584 erunt
2681 1497 3122 1584 similesAngelis
3150 1511 3246 1566 Dei
3259 1497 3386 1584 '(Id.

1813 1583 1925 1622 χχιι
1949 1610 1963 1636 ,
2113 1587 2125 1622 :
2150 1567 2589 1652 .quialseminatur
2606 1590 2786 1652 eorpus
2812 1567 3057 1645 animale,
3085 1593 3254 1652 surget
3274 1567 3387 1638 cor-

1812 1654 1906 1721 pus
1925 1640 2188 1721 apii-iiitaie
2215 1641 2256 1706 (Ι
2282 1641 2395 1694 Cor.
2431 1659 2497 1721 xv
2517 1643 2652 1721 ,_4t_i)
2682 1640 2714 1721 ,'_
2728 1656 2988 1721 potestate
3009 1640 3200 1721 utique
3217 1694 3233 1719 ,
3276 1671 3384 1712 non

1813 1719 2021 1790 natura.
2045 1711 2100 1766 Si
2140 1711 2290 1782 longa
2313 1711 2771 1790 autsalubrisivita
2797 1758 2810 1780 ,
2847 1717 2914 1772 ibi
2943 1719 3044 1774 erit
3071 1711 3202 1776 sana
3219 1711 3387 1780 aeter-

1812 1783 2034 1859 nitasuet.
2061 1784 2502 1859 mternawsanitas
2535 1783 2696 1859 :Aquia
2738 1786 2870 1854 justi
2899 1790 2948 1842 iu
2977 1802 3268 1859 perpetuum
3315 1797 3389 1850 vi-

1811 1860 1922 1905 vent
1948 1851 2161 1934 (Sapinv
2181 1853 2319 1934 ,hi6)
2346 1869 2364 1934 ξ
2390 1863 2444 1907 et
2487 1851 2624 1909 salus
2641 1851 2898 1934 iustorum
2923 1877 2953 1912 a
2977 1851 3192 1921 Domino
3217 1865 3386 1934 (Paul.

1814 1923 2162 2016 it‘xxvtkw):
2193 1924 2526 2016 e‘ati'ctas;
2568 1923 2898 2016 seiiahii‘ntui'
2936 1945 3054 2011 cum
3086 1923 3391 2016 apparuerit

1813 1993 1979 2066 gloria
2004 1992 2206 2066 Domini
2234 1992 2400 2059 (Psal.
2423 2010 2515 2066 xv:
2537 2037 2551 2060 ,
2598 1997 2708 2066 15).
2741 1994 2797 2052 Si
2835 1992 3388 2065 ehrietasfinebria-

1814 2065 2010 2146 buntur
2046 2064 2384 2146 ab'tibertate.
2402 2065 2592 2146 domus
2626 2064 2720 2122 Dei
2748 2067 2930 2146 Δ(Ριςιιι.
2962 2064 3139 2146 xxixv,
3163 2145 3166 2146 ν
3191 2076 3270 2146 9).
3327 2079 3387 2134 Si

1815 2135 2072 2218 melodia;
2102 2135 2172 2216 ibi
2201 2136 2386 2218 Angcii
2407 2136 2693 2218 concinunt
2715 2135 2830 2218 sine
2869 2144 2971 2218 fine
3001 2135 3134 2198 Deo.
3151 2145 3206 2201 Si
3231 2135 3391 2218 'qum-

1817 2205 1944 2282 libet
1983 2223 2086 2282 non
2127 2205 2445 2282 immunda_,_
2471 2207 2562 2260 sed
2593 2210 2785 2282 munda
2834 2214 3110 2282 voluptas;
3145 2205 3380 2276 torrente

1814 2277 2100 2357 voluptatie
2123 2294 2259 2357 suae“
2273 2278 2473 2357 potabit
2499 2294 2589 2357 eos
2615 2278 2868 2357 Dominus
2914 2277 3177 2357 (Ibidem).
3210 2287 3264 2342 Si
3300 2305 3388 2344 sa-

1815 2348 2010 2423 pientia
2036 2364 2051 2411 ;
2082 2348 2196 2423 ipsa
2225 2347 2315 2400 Dei
2339 2348 2608 2423 Sapientia
2635 2353 2876 2406 ostendet
2902 2347 2959 2409 se
2993 2347 3156 2423 ipsam
3181 2358 3305 2413 illis.
3334 2359 3390 2416 Si

1816 2419 2044 2471 amicitia
2070 2435 2082 2478 ;
2108 2419 2326 2492 diligent
2351 2419 2513 2472 Deum
2545 2420 2660 2492 plus
2687 2436 2842 2490 quam
2875 2439 2932 2478 se
2962 2419 3137 2492 ipsos,
3172 2440 3224 2482 et
3252 2431 3387 2485 invi-

1816 2503 1932 2565 cem
1957 2491 2453 2565 tauquamscipsos
2475 2530 2490 2555 ,
2509 2499 2563 2544 et
2592 2491 2734 2546 Deus
2765 2493 2890 2565 ilios
2912 2491 3025 2562 plus
3054 2491 3212 2565 quam
3237 2500 3311 2554 illi
3331 2517 3388 2556 se

1817 2559 1960 2638 ipses
1985 2578 1996 2613 :
2022 2562 2144 2630 quia
2181 2560 2262 2638 _i_|_li
2288 2559 2468 2624 illum,
2504 2569 2556 2638 ει
2594 2577 2651 2614 se
2672 2603 2686 2628 ,
2719 2559 3030 2638 et_inviccm
3061 2559 3157 2636 per
3194 2569 3341 2625 illum
3373 2589 3386 2638 ;

1819 2638 1871 2702 et
1898 2630 1983 2702 ille
2011 2646 2068 2685 se
2098 2640 2152 2685 et
2181 2632 2297 2684 illos
2329 2647 2422 2702 per
2453 2647 2509 2685 se
2545 2633 2734 2700 ipsum.
2765 2634 2818 2689 Si
2857 2630 3176 2701 concordia;
3220 2630 3390 2696 omni;

1816 2699 1918 2780 bus
1949 2701 2048 2780 iilie
2093 2717 2193 2755 una
2221 2699 2790 2780 erii'ttoluntas,_qttia
2830 2707 2969 2760 nulla
3018 2709 3067 2761 in
3118 2699 3220 2764 illis
3254 2713 3387 2780 erit,

1819 2771 1922 2823 nisi
1950 2771 2042 2825 Dei
2065 2788 2269 2849 summa
2297 2773 2312 2803 ¹
2341 2773 2604 2849 veluntas.
2633 2771 2698 2829 Si
2709 2783 2972 2844 potestas;
3005 2771 3393 2849 omnipotentes

1819 2851 1975 2895 erunt
2003 2858 2112 2897 sure
2137 2844 2452 2909 voluntatis,
2488 2854 2542 2898 ut
2571 2846 2709 2900 Deus
2735 2864 2864 2902 sure.
2913 2849 3045 2904 Nam
3091 2844 3228 2907 sicut
3255 2855 3392 2908 Deus

1819 2914 2012 2994 poierit
2028 2914 2316 2994 (lllOti‘i'Oicl
2342 2930 2446 2994 per
2467 2916 2730 2994 se_ipsu_t_'n_
2747 2959 2762 2983 ,
2793 2920 2861 2972 ita
2892 2931 3136 2994 poterunt
3159 2924 3226 2978 illi
3251 2926 3392 2994 quod

1818 2983 2122 3069 νοιρςιιηροι·
2150 2984 2292 3069 ilium
2316 2983 2480 3069 {qu31
2502 2983 2636 3069 sicut
2661 2987 2733 3040 illi
2759 3004 2861 3069 lien
2881 2983 3019 3069 aliud
3044 2983 3390 3069 volcntqiiam

1818 3054 1957 3130 quod
1995 3055 2092 3130 _il_le
2126 3055 2296 3130 volet,
2317 3057 2388 3108 ita
2415 3056 2503 3110 ille
2529 3057 2670 3130 volet
2696 3059 2947 3128 quidquid
2977 3062 3048 3115 illi
3081 3054 3285 3130 volent";
3333 3076 3388 3121 et

1819 3125 1959 3194 quod
1993 3125 2080 3179 ille
2109 3125 2282 3188 volet,
2312 3142 2416 3179 non
2443 3125 2752 3194 poteritnon
2785 3125 2922 3184 esse.
2953 3131 3006 3186 Si
3041 3133 3211 3190 honor
3230 3125 3282 3189 et
3307 3137 3392 3191 di-

1822 3196 1998 3272 vitize;
2035 3197 2379 3272 Deu_s__servos
2401 3211 2525 3250 suos
2551 3196 2792 3272 iie‘tioset
2821 3200 3004 3272 fideles
3039 3217 3195 3272 supra
3217 3207 3382 3262 nmlta

1819 3268 2103 3321 constituet
2133 3267 2342 3337 (Matth.
2381 3283 2516 3330 xxv,
2547 3266 2638 3337 25)
2666 3283 2680 3332 ;
2716 3269 2821 3321 imo
2852 3270 2944 3324 filii
2976 3272 3064 3326 Dei
3097 3266 3150 3327 et
3192 3275 3262 3329 dii
3299 3293 3392 3330 vo-

1819 3339 2079 3410 cahuntur
2107 3349 2160 3392 et
2187 3348 2370 3403 erunt,
2393 3347 2452 3410 et
2471 3337 2557 3410 ubi
2585 3343 2687 3410 erit
2715 3339 2913 3395 Unicus
2943 3341 3089 3410 ejus,
3121 3345 3189 3399 ibi
3237 3357 3392 3402 erunt

1818 3409 1986 3480 etilli,
2018 3410 2257 3465 luci-edes
2282 3409 2495 3480 quidem
2524 3409 2636 3474 Dei,
2663 3409 3172 3470 cohaeredesautcm
3197 3415 3394 3472 ChriSti

1822 3479 1992 3550 (Rom.
2021 3497 2152 3547 vm,
2199 3479 2404 3552 l7).’7Si
2457 3496 2588 3552 verae
2627 3483 2918 3552 securitas;
2965 3495 3108 3539 certe
3154 3487 3220 3540 ita
3261 3490 3393 3543 certi

1819 3551 2546 3626 eruntnuuquamullatenus
2563 3551 2689 3606 illud
2719 3553 2916 3608 bonum
2944 3554 3042 3626 sibi
3066 3555 3388 3626 defuturum,

1821 3623 1954 3675 sicut
1978 3624 2108 3676 certi
2141 3631 2297 3677 erunt
2332 3635 2515 3677 senon
2533 3638 2628 3677 sua
2674 3636 2862 3692 sponte
2889 3625 3017 3680 illud
3059 3623 3391 3692 amissuros,

1820 3706 1919 3746 nec
1943 3692 2253 3748 dilectorem
2301 3693 2468 3748 Deum
2497 3694 2625 3748 illud
2677 3694 3020 3752 dilectoribus
3057 3701 3169 3758 suis
3218 3700 3394 3754 invitis

1819 3763 2115 3818 ablaturum
2143 3807 2155 3830 ,
2183 3778 2281 3836 nec
2318 3763 2511 3836 aliquid
2538 3765 2644 3819 Deo
2675 3767 2941 3836 potentius
2990 3767 3154 3823 Deum
3182 3780 3234 3824 et
3277 3771 3395 3826 illos

1822 3844 2208 3910 separaturum.
2248 3834 2507 3910 Gaudium
2565 3834 2873 3910 veroiqualc
2908 3850 3229 3910 quantumve
3270 3851 3391 3910 est,

1821 3905 1908 3959 ubi
1939 3907 2038 3959 tale
2063 3921 2125 3960 ac
2152 3914 2353 3960 tantum
2377 3907 2568 3961 bonum
2595 3908 2712 3962 est?

1891 3976 2116 4055 CAPUfi‘
2172 3977 2388 4055 XXXV.
2444 3977 2700 4055 Gaudium
2728 3991 2996 4055 __quantum
3043 3984 3136 4038 erit
3180 3987 3393 4055 [ruenti-

1823 4046 1914 4100 bus
1941 4064 2018 4100 eo.
2061 4048 2167 4102 (lor
2190 4052 2474 4125 humanum
2495 4064 2628 4125 [cor
2653 4046 2929 4125 indigens,
2980 4069 3075 4108 cor
3116 4046 3392 4125 expertum

1823 4134 2090 4194 aerumnas
2131 4127 2184 4172 et
2211 4119 2482 4194 miserias,
2515 4119 2620 4194 imo
2650 4121 2895 4194 obrutum
2938 4119 3199 4190 miseriis,
3224 4143 3391 4194 quan-

1825 4198 1931 4266 tum
1957 4187 2214 4266 gauderes
2239 4189 2282 4242 si
2305 4189 2386 4242 his
2412 4190 2657 4266 omnibus
2671 4191 3002 4266 abundares?
3025 4187 3288 4266 interroga
3315 4198 3398 4252 in-

1825 4259 1948 4312 lima
1981 4268 2068 4312 tua
2089 4300 2103 4325 ,
2133 4259 2176 4312 si
2226 4273 2418 4328 capere
2459 4261 2664 4328 possint
2689 4262 2938 4328 gaudium
2963 4279 3115 4319 suum
3154 4259 3394 4322 de'tanta

1821 4329 2148 4404 beatitudine
2177 4344 2290 4384 sua.
2319 4329 2422 4384 Sed
2441 4339 2583 4384 certe
2608 4332 2652 4404 si
2682 4333 2800 4404 quis
2826 4334 2978 4404 alius,
3003 4351 3158 4404 quem
3177 4339 3394 4394 omnino

1823 4401 1960 4472 sicut
1983 4410 2031 4454 te
2051 4401 2219 4469 ipsum
2240 4416 2467 4464 amares,
2487 4401 2725 4456 eamdem
2755 4401 3129 4461 beatitudinem
3156 4407 3392 4472 haberet,

1822 4471 2180 4539 duplicaretur
2216 4472 2464 4540 gaudium
2487 4480 2668 4545 tuum;
2699 4475 2817 4545 quia
2859 4491 2961 4528 non
2994 4476 3167 4530 minus
3191 4471 3391 4545 gaudcé

1822 4557 1909 4597 res
1928 4557 2024 4611 pro
2063 4557 2127 4595 eo
2148 4583 2163 4608 ,
2195 4557 2360 4612 quam
2391 4557 2487 4612 pro
2514 4549 2564 4595 te
2607 4543 2740 4612 ipso.
2771 4543 2825 4596 Si
2867 4560 2992 4599 vero
3017 4547 3123 4600 duo
3172 4543 3254 4602 vel
3286 4557 3395 4608 tres

1821 4615 1904 4690 vel
1946 4613 2110 4690 multo
2143 4614 2320 4682 plures
2350 4611 2575 4681 idipsum
2604 4611 2888 4690 baberent,
2924 4618 3252 4690 tantumdem
3295 4636 3396 4690 pro

1822 4685 2075 4759 singulis,
2108 4692 2360 4753 quantum
2403 4699 2496 4752 pro
2525 4693 2575 4759 t_e
2602 4684 2717 4751 ipso
2745 4685 3003 4759 gauderes
3023 4729 3037 4753 ,
3083 4689 3125 4741 si
3157 4684 3393 4759 singiilos

1823 4753 1959 4828 sicut
1981 4763 2029 4808 te
2058 4757 2227 4825 ipsum
2256 4769 2484 4828 amares.
2527 4753 2666 4828 Ergo
2691 4755 2815 4823 quid
2845 4757 2945 4810 erit
2973 4757 3023 4810 in
3048 4759 3134 4813 illa
3165 4753 3394 4828 perfecta

1821 4826 2077 4881 charitate
2103 4825 2560 4897 intmmerabilium
2583 4825 2855 4881 beatorum
2886 4825 3201 4897 Angelorutn
3229 4841 3282 4886 et
3305 4833 3396 4886 ho-

1820 4897 2059 4972 minu_m_,_
2099 4897 2186 4948 uhi
2219 4896 2393 4972 nullus
2419 4895 2796 4972 diligct_al_ium
2825 4895 2998 4952 minus
3023 4915 3181 4970 quam
3208 4917 3266 4956 se
3319 4903 3398 4972 lp-

1821 4969 1979 5044 sum?
2016 4967 2129 5044 i‘ion
2161 4968 2301 5021 enim
2325 4967 2481 5020 aliter
2500 4965 2750 5044 gaudebit
2769 4965 3128 5044 tinusquisque
3158 4988 3252 5044 pro
3282 4965 3395 5044 sin-

1820 5039 1956 5110 gulis
1985 5038 2104 5110 aliis
2129 5079 2141 5101 ,
2175 5053 2330 5107 quam
2373 5052 2468 5110 pro
2497 5052 2556 5091 se
2597 5037 2732 5110 ipso.
2774 5037 2828 5094 Si
2857 5037 2984 5107 ergo
3027 5037 3118 5095 cor
3159 5037 3398 5098 'h'oniiuis

1820 5108 1886 5165 de
1917 5117 2064 5182 tanto
2094 5109 2234 5162 bono
2269 5122 2368 5182 suo
2414 5109 2497 5162 vix
2527 5108 2777 5178 gaudium
2827 5125 2981 5165 suum
3020 5115 3226 5180 capiat,
3267 5125 3399 5182 quo-

1821 5181 1980 5236 modo
2027 5195 2190 5250 capax
2247 5181 2347 5233 erit
2388 5187 2462 5234 tot
2514 5188 2569 5234 et
2608 5188 2889 5252 tantorum
2940 5181 3295 5252 gaudiorum?
3330 5184 3399 5240 Et

1820 5253 2030 5322 utique,
2056 5260 2308 5322 quantum
2335 5252 2558 5321 quisque
2587 5250 2755 5322 diligit
2780 5250 3008 5321 aliquem
3030 5295 3044 5318 ,
3087 5261 3290 5308 tantum
3330 5255 3397 5309 dc

1820 5323 1961 5378 bono
1993 5322 2108 5391 ejus
2159 5321 2370 5392 gaudet.
2413 5323 2478 5376 Et
2528 5321 2767 5377 sicut’in
2819 5324 2906 5380 illa
2945 5324 3097 5379 beata
3147 5324 3398 5380 felicitate

1821 5396 2184 5463 unusquiSque
2211 5392 2325 5446 siue
2353 5393 2753 5462 comparatione
2792 5395 2906 5464 plus
2949 5396 3146 5449 amabit
3182 5395 3347 5448 Deum
3379 5435 3394 5458 ,

1820 5479 1979 5534 quam
2010 5480 2068 5518 se
2117 5473 2165 5518 et
2195 5477 2380 5518 omnes
2418 5465 2549 5518 alios
2600 5480 2813 5529 secum;
2871 5465 2940 5518 ita
2992 5467 3108 5534 plus
3147 5464 3398 5534 gaudebit

1821 5533 2022 5607 absque
2059 5535 2412 5607 aestimatione
2441 5536 2506 5589 de
2555 5534 2808 5590 felicitate
2849 5535 2939 5588 Dei
2962 5577 2974 5600 ,
2996 5533 3163 5607 quam
3199 5533 3276 5607 de
3301 5548 3397 5588 sua

1819 5615 1874 5663 et
1914 5602 2147 5663 omnium
2199 5606 2422 5660 aliorum
2473 5620 2674 5660 secum.
2710 5607 2772 5660 Et
2798 5607 2841 5660 si
2874 5602 3038 5658 Deum
3067 5605 3146 5658 sic
3180 5602 3402 5672 diligent

1820 5687 1932 5736 toto
1969 5678 2148 5743 corde,
2191 5686 2296 5732 tota
2338 5686 2532 5742 mente,
2575 5685 2684 5730 tota
2709 5677 2904 5741 anima,
2937 5686 2991 5730 ut
3021 5683 3196 5729 tamen
3229 5683 3397 5729 totum

1821 5765 1916 5806 cor
1954 5745 2132 5818 ,'tota
2184 5763 2336 5803 mens
2382 5789 2397 5814 ,
2461 5757 2566 5801 tota
2623 5749 2796 5802 anima
2858 5761 2963 5804 non
3025 5745 3251 5802 sufﬁciat
3313 5745 3396 5801 di-

1819 5938 1825 5943 .
1889 5888 1906 5919 ι
1942 5882 2071 5949 Apud
2095 5880 2394 5943 auselmum,
2433 5881 2547 5931 sola.
