3804 6358
50 5020 61 5035 ¹α

74 5790 81 5797 τ

74 5952 101 6225 i

111 346 210 404 973

175 455 406 514 CAPUT
438 455 503 511 Χ.
536 453 685 520 Quod
704 453 756 507 in
780 452 887 507 solo
915 446 1074 505 Verbo
1097 449 1232 505 Deus
1252 451 1419 504 omnia
1454 452 1588 521 fecit.
1614 452 1681 506 At

114 541 166 585 tu
202 530 340 582 Deus
367 537 552 581 noster
576 523 828 579 mirabilis
853 534 906 576 et
946 531 1156 591 potens,
1205 522 1291 590 qui
1324 529 1485 574 totam
1530 522 1681 575 istius

112 599 281 656 mundi
310 598 509 652 molem
549 609 670 649 cum
709 592 852 647 omni
894 592 1249 646 instrumento
1276 592 1678 656 elementorum,

110 682 410 739 corporum,
439 665 740 739 spirituum,
768 663 1067 739 verboquo
1090 661 1317 739 jussisti,
1351 662 1553 715 ratione
1578 678 1679 739 qua

106 731 430 810 disposuisti,
465 731 658 789 virtute
685 732 1044 815 qua‘potuisii,
1065 747 1142 812 ex
1159 731 1349 815 nihilo
1374 731 1679 815 expressisti

106 812 153 864 in
189 801 577 862 ornamentum
613 801 903 872 majestatis
946 802 1128 872 gloriae
1156 810 1281 864 ture,
1331 801 1419 869 qui
1471 810 1680 870 tempus

104 882 165 933 ab
193 881 310 945 ipso
337 887 463 931 tunc
488 891 604 930 :evo
631 870 709 945 ire
740 870 967 941 jubens,’
985 870 1295 945 stabilisque
1339 886 1559 945 manens
1580 872 1680 945 das

104 940 288 1003 cuncta
331 946 561 1010 moveri,
605 944 704 1014 qui
742 940 937 1014 terram
984 941 1259 1014 multiplici
1289 942 1534 1014 germine
1573 940 1681 995 fru-

106 1030 299 1079 ctuum,
326 1028 382 1072 et
403 1017 597 1071 enatum
622 1011 848 1084 pulchro
871 1012 1132 1084 decorasti
1179 1011 1374 1065 lumine
1422 1011 1674 1076 siderum,

106 1104 323 1158 quorum
356 1097 410 1140 tu
440 1082 654 1158 nomina
682 1083 849 1158 solus,
900 1082 1084 1158 signa,
1116 1088 1426 1158 potestates,
1467 1095 1675 1158 cursus,

112 1150 338 1227 tempora
362 1157 531 1227 nosti.
565 1156 643 1227 Tu
670 1154 835 1227 mitis,
870 1160 938 1227 t_u_
956 1150 1210 1221 benigne,
1257 1150 1429 1215 fortis,
1480 1152 1679 1227 zelotes

110 1222 393 1282 etsabaoth
426 1225 793 1285 invictissime,
844 1223 1065 1276 visitans
1113 1230 1325 1290 peccata
1374 1230 1578 1286 patrum
1624 1222 1676 1276 in

113 1299 241 1352 ﬁlios
264 1312 433 1365 usque
464 1296 516 1349 in
546 1294 753 1365 tertiam
776 1300 833 1365 et
867 1300 1143 1365 quartani_
1154 1291 1575 1365 generationem,
1624 1301 1680 1347 et

115 1368 299 1422 faciens
325 1360 746 1420 misericordiam
786 1363 836 1416 in
866 1360 1011 1415 mille
1036 1361 1198 1415 millia
1229 1360 1312 1415 his
1341 1361 1428 1430 qui
1456 1361 1677 1430 diligunt

116 1436 374 1506 κακά.
401 1453 495 1497 xx,
526 1436 607 1504 5),
651 1442 708 1487 et
747 1433 933 1506 timent
956 1446 1152 1506 nomen
1206 1430 1477 1506 tuum._Si
1517 1447 1675 1499 opera

118 1500 201 1562 tua
219 1508 287 1561 ita
326 1514 452 1561 sunt
498 1500 687 1573 magna
729 1512 784 1557 et
830 1502 1210 1573 inscrutahilia,
1261 1500 1478 1573 pulchra
1521 1511 1678 1573 atque

118 1577 378 1646 stupenda,
428 1570 613 1629 dicant
634 1573 722 1642 qui
745 1573 925 1625 volunt
960 1570 1227 1646 quomodo
1251 1571 1369 1646 capi
1401 1572 1597 1646 poteris
1624 1584 1677 1626 tu

118 1641 494 1718 pulcherrimus
516 1641 727 1718 creator
753 1657 959 1718 eorum.
1003 1641 1225 1695 Constat
1263 1643 1404 1695 enim
1432 1641 1675 1718 opiﬁcem

119 1712 336 1771 omnium
367 1718 524 1784 longe
551 1728 610 1768 se
629 1714 783 1784 aliter
812 1712 1009 1766 habere
1023 1725 1177 1784 quam
1200 1725 1259 1763 ea
1276 1726 1395 1784 quae
1419 1727 1447 1764 a
1478 1727 1536 1766 se
1564 1713 1674 1766 lieri

118 1788 289 1841 voluit.
316 1788 391 1841 Ex
416 1782 823 1855 pulchritudine
836 1794 1012 1855 unguen
1042 1782 1457 1855 circumscriptae
1477 1791 1677 1855 naturae

118 1866 169 1911 et
189 1850 525 1911 mundialium
557 1868 735 1909 rerum
756 1852 981 1906 mirabili
1006 1852 1182 1920 specie
1202 1850 1537 1920 pulchritudo
1567 1861 1673 1917 tua,

120 1942 231 1995 qua:
253 1936 306 1981 tu
332 1929 443 1997 ipse
459 1940 541 1991 es,
570 1924 701 1997 quia
722 1923 943 1997 simplex
974 1936 1052 1985 es,
1080 1932 1133 1975 et
1156 1921 1676 1997 exceiientiaglorim

124 1991 741 2072 inqum'cireumscribi
776 2007 882 2046 non
921 1999 1113 2072 potest,
1159 1991 1675 2072 intelliginliquatc-

132 2080 231 2143 nus
264 2060 411 2143 :valet,
451 2078 759 2143 quanquam
792 2061 1202 2143 magnitudinem
1241 2060 1533 2143 divinitatis
1572 2069 1676 2116 tua:

144 2135 379 2190 inﬁnitam
400 2145 451 2192 et
470 2131 1061 2204 incomprehensibilem
1086 2131 1263 2186 nullus
1288 2133 1453 2201 possit
1489 2147 1676 2187 sensus

142 2205 400 2277 attingere,
431 2222 589 2275 neque
633 2208 775 2260 enim
800 2205 817 2236 ί
848 2204 1061 2277 illorum
1082 2217 1290 2277 quoque
1326 2217 1675 2277 supernon

139 2272 323 2331 civium
353 2296 365 2329 :
391 2272 614 2345 (σμιὶίτο
652 2285 828 2330 tamen
876 2273 1035 2327 modo
1078 2272 1307 2327 essentia
1338 2281 1426 2327 tua
1471 2272 1672 2339 scitur,

136 2345 259 2399 dum
283 2361 388 2401 (sse
406 2347 652 2401 creditur.

198 2415 404 2471 CAPUT
426 2416 515 2470 XI.
548 2415 623 2469 De
642 2413 839 2468 duabus
860 2411 1069 2483 syllabis
1090 2410 1203 2483 Dei.
1230 2410 1675 2483 Quotiescumque

125 2485 293 2540 recolo
318 2486 390 2541 vel
417 2485 576 2540 audio
596 2485 727 2539 duas
752 2481 939 2538 breves
967 2481 1217 2553 syllabas,
1245 2492 1311 2553 et
1338 2491 1562 2551 quatuor
1585 2481 1673 2536 lit-

128 2563 276 2615 teras.
313 2557 500 2625 quibus
524 2555 773 2610 scribitur
814 2552 1007 2625 Deus;
1038 2552 1140 2607 hoc
1171 2552 1311 2605 enim
1354 2567 1547 2625 nomen
1580 2553 1671 2606 tibi

134 2626 238 2692 soli,
263 2621 624 2696 munipotens,
652 2624 771 2696 jure
798 2621 1032 2696 debetur
1055 2630 1256 2696 ;_atque
1299 2636 1419 2696 cum
1467 2623 1675 2696 intueor

135 2691 232 2750 tuae
254 2691 455 2751 virtutis
486 2691 771 2765 magnaliai
792 2700 847 2748 et
881 2691 1195 2765 mirabilem
1223 2691 1405 2745 mundi
1445 2692 1673 2765 creatio-

133 2780 257 2831 nem,
282 2765 334 2821 id
356 2776 457 2831 est,
484 2760 823 2834 eosinopmia:
857 2760 1411 2834 coasiderodecorem
1444 2779 1457 2815 :
1487 2762 1672 2815 simul-

130 2850 221 2903 que
246 2850 445 2891 mecum
478 2831 687 2890 tacitus'
703 2842 893 2903 reputo
932 2831 1303 2903 miserationes
1345 2839 1460 2885 tuas
1497 2848 1615 2903 qua:
1642 2847 1673 2886 a

132 2900 305 2960 iaculo
339 2914 465 2962 sunt
506 2900 803 2976 (mirentur
848 2902 991 2976 enim
1032 2902 1122 2976 qni
1163 2900 1347 2955 volunt
1389 2900 1672 2976 potentiam

130 2982 275 3045 tuam,
301 2977 392 3032 sed
427 2971 527 3045 ego
554 2975 670 3044 plus
697 2982 885 3045 stupeo
909 2971 1331 3045 animadverteris
1370 2972 1674 3045 misericor-

128 3044 227 3119 dias
244 3047 399 3119 situas)
425 3041 706 3119 {profecta
745 3041 799 3119 in
820 3043 903 3098 his
928 3051 1153 3119 quatuor
1171 3041 1363 3095 litteris
1386 3050 1441 3119 et
1471 3042 1674 3119 duabus

127 3112 354 3187 brevibus
376 3110 596 3187 syllabis
620 3114 879 3187 inﬁnitum
900 3112 1024 3183 quid
1045 3121 1099 3187 et
1122 3110 1671 3187 incomprehensibile,

126 3182 424 3242 immensum
448 3198 502 3241 et
531 3184 883 3241 inenarrabile
908 3182 1101 3238 mentis
1130 3182 1339 3244 intuitu,
1367 3190 1421 3235 et
1450 3182 1675 3235 sinceris

125 3254 233 3326 ﬁdei
254 3258 443 3321 oculis,
474 3271 569 3326 pro
594 3256 732 3310 scire
760 3264 814 3308 et
840 3266 995 3323 posse
1017 3252 1161 3326 quod
1172 3252 1314 3326 _mihi
1342 3251 1545 3326 tantillo
1576 3252 1673 3326 ho-

124 3320 493 3397 minidignaris
522 3326 699 3395 largiri
720 3366 735 3389 ,
766 3320 1113 3397 contemplor.
1142 3321 1569 3397 Numquidenim
1596 3320 1674 3391 (b)

122 3393 228 3451 due
246 3391 433 3452 bréves
460 3391 677 3465 syllabae
706 3405 760 3449 tu
788 3394 929 3465 Deus
957 3404 1137 3465 noster
1159 3406 1236 3455 es,
1265 3402 1357 3446 aut
1391 3391 1673 3465 duas._bre-

121 3478 207 3519 ves
241 3467 464 3537 syllabas
489 3460 780 3537 adoramus
798 3504 813 3527 ,
840 3464 921 3518 vel
961 3462 1026 3518 ad
1056 3463 1186 3517 duas
1216 3464 1421 3537 breves
1449 3460 1676 3531 syllabas

124 3531 391 3601 pervenire
415 3536 776 3591 desideramus
799 3552 813 3587 :
835 3548 953 3602 quae
989 3548 1123 3602 pene
1164 3531 1559 3602 anteidesinunt
1590 3546 1677 3585 so-

126 3618 271 3675 nare,
295 3623 439 3673 quam
476 3607 770 3675 cmperint;
800 3601 899 3658 nec
917 3601 1087 3675 _in_’_eis
1114 3601 1360 3675 secunda:
1388 3601 1537 3655 locus
1559 3610 1670 3665 est,

125 3674 221 3745 nisi
268 3672 426 3745 prima
465 3672 587 3731 ante
634 3673 934 3730 transierit?
973 3672 1148 3728 Manet
1188 3673 1383 3745 quippe
1428 3687 1675 3745 magnum

120 3741 330 3815 aliquid,
358 3757 407 3801 et
430 3760 618 3816 magne
637 3758 945 3816 summeque
970 3751 1068 3808 est,
1095 3742 1233 3816 quod
1263 3741 1677 3816 incompagabile

118 3823 164 3867 et
178 3812 412 3871 omnium
433 3812 978 3888 prﬁcellentissimum
1001 3822 1083 3867 est
1100 3812 1281 3888 {quod
1302 3812 1494 3888 dicitur
1514 3812 1673 3878 Deus,

117 3889 345 3953 quamvis
372 3882 478 3941 non
500 3894 713 3941 maneat
735 3898 915 3947 sonus,
945 3898 1064 3937 cum
1092 3882 1285 3937 dicitur
1311 3882 1466 3953 Deus.

172 3955 395 4013 CAPUT
424 3956 539 4011 XII.
582 3955 732 4021 Quod
765 3955 820 4008 in
858 3964 1042 4007 natura
1066 3970 1160 4007 sua
1188 3968 1287 4006 non
1312 3952 1504 4005 videtur
1521 3949 1675 4006 Deut.

120 4023 297 4098 Verum
326 4028 456 4098 quia
479 4042 605 4098 caro
634 4026 802 4081 nescit
835 4024 1101 4098 spiritum,
1130 4031 1184 4077 et
1219 4022 1499 4098 invisibilia
1540 4036 1571 4075 a
1597 4023 1679 4075 vi-

118 4091 482 4152 sibilibus'non
510 4096 787 4161 videntur;
834 4091 935 4165 per
974 4094 1128 4148 fidem
1154 4093 1293 4165 enim
1325 4091 1676 4165 ambulamus,

118 4174 284 4223 etnon
315 4183 411 4237 per
444 4169 675 4237 speciem
700 4183 713 4219 :
747 4163 1357 4237 (c)'h_ttmanaa‘tti,’Deus
1384 4172 1567 4237 noster
1593 4163 1679 4215 ni-

120 4236 200 4289 mis
224 4232 401 4293 bonus
438 4232 493 4292 et
530 4238 666 4307 pius,
706 4232 991 4291 consulens
1020 4233 1332 4307 infirmitati,
1365 4232 1599 4307 dignaris
1630 4243 1680 4286 te

121 4308 254 4361 nobis
281 4302 575 4369 insinuare.
608 4322 712 4361 non
742 4317 828 4361 tua
854 4305 1200 4376 proprietate,
1211 4304 1315 4376 sed
1335 4303 1437 4356 alia
1454 4302 1679 4376 quadam

122 4376 467 4433 similitudine.
497 4376 651 4434 Unde
674 4386 727 4431 et
750 4372 1052 4431 nostrorum
1081 4373 1387 4442 qualitatem
1414 4372 1681 4425 membro-

123 4458 219 4500 rum
245 4448 443 4503 habere
471 4447 805 4511 describeris,
837 4446 1022 4501 volens
1053 4445 1355 4513 passionum
1379 4443 1587 4510 indigna
1613 4442 1682 4496 de

126 4518 290 4586 teipso
317 4519 384 4573 ad
415 4518 517 4572 hoc
542 4516 765 4587 proferri
790 4534 804 4569 :
828 4526 886 4570 ut
911 4516 1033 4585 quia
1059 4515 1195 4567 sicut
1218 4528 1301 4587 es,
1326 4522 1378 4567 te
1404 4514 1681 4581 nequimus

128 4583 240 4658 xire
268 4590 323 4643 in
352 4583 601 4658 prmseriti
636 4586 868 4658 miseria,
910 4583 1004 4658 per
1032 4592 1211 4658 nostra
1238 4583 1419 4658 adtua
1450 4597 1549 4636 nos
1577 4591 1686 4635 tra-

129 4652 220 4723 has,
246 4668 305 4713 et
333 4652 455 4726 nos,
481 4658 608 4713 dum
633 4652 1015 4713 condescendis
1034 4654 1207 4719 nobis,
1236 4653 1438 4708 facilius
1462 4668 1683 4708 consub

225 4744 289 4783 us
317 4730 433 4783 tibi.

129 4737 579 4867 Ἣῖῧῗχιιι.
631 4797 712 4851 De
762 4793 1129 4867 imaginedDei
1154 4794 1231 4867 Ain
1272 4794 1497 4867 nomine
1523 4797 1678 4867 facta.

130 4862 282 4940 llultis
308 4870 569 4940 siquidem
585 4868 757 4940 modis
776 4866 842 4940 ad
862 4862 1263 4940 signiﬁcandum
1289 4875 1337 4940 ie
1356 4863 1676 4927 hominibus,

132 4934 175 4991 de
200 4933 740 4995 rebus'inferioribus
768 4936 834 4991 ad
865 4933 932 4991 te
954 4936 1159 5005 species
1184 4933 1335 4987 ducis
1358 4974 1373 4999 ,
1404 4948 1562 5002 quem
1600 4948 1684 4987 re-

134 5018 231 5061 tera
247 5009 397 5079 juxta
428 5010 694 5079 propriam
724 5018 963 5079 naturam
988 5004 1309 5079 invisibilem
1331 5011 1538 5079 constat
1563 5016 1685 5057 esse

135 5085 168 5128 et
214 5074 584 5150 incorporeum
609 5119 626 5145 ,
661 5075 1262 5150 Aineomprehensibilem
1305 5082 1359 5127 et
1404 5074 1685 5150 incircum-

137 5143 377 5217 scriptum'
406 5168 421 5203 :
448 5165 512 5204 ac
534 5143 633 5219 per
657 5148 757 5202 hoc
786 5143 1050 5219 nunquam
1076 5144 1232 5219 alicui
1255 5143 1562 5219 apparuisse
1593 5156 1682 5197 se-

138 5212 339 5274 cundum
384 5212 672 5275 essentiam
692 5258 711 5284 ,
736 5217 832 5273 sed
873 5212 1047 5271 modis
1072 5216 1267 5285 quibus
1292 5212 1540 5285 voluisti,
1590 5228 1683 5285 per

134 5297 437 5360 assum
494 5282 867 5360 creaturarum
922 5282 1188 5360 speciem,
1242 5283 1309 5360 ad
1371 5282 1685 5360 enicientias

130 5352 388 5415 cunarum
425 5360 713 5416 credimus.
761 5352 1034 5413 Falluntur
1063 5357 1238 5424 itaque
1264 5352 1684 5421 Anthropomor—

176 5556 197 5585 ³
212 5561 291 5603 Its.
313 5542 608 5603 nonetianus
630 5548 777 5609 addit,
802 5546 1074 5611 cunctisque
1097 5542 1489 5597 dissimillimum

199 5617 248 5672 α)
283 5616 445 5667 Isidor.
473 5614 559 5663 lib.
586 5614 611 5662 1
632 5620 788 5670 Sent.,
813 5624 919 5672 mp.
936 5611 984 5659 5.

197 5672 1064 5736 ὁὶειττδαλυςιιξιλθίηιοψτ
1232 5731 1242 5736 _
1307 5730 1318 5736 _
1391 5728 1403 5736 _
1514 5726 1523 5736 θ

193 5728 243 5796 cl
277 5747 341 5789 ει
366 5739 564 5796 Isidoro,
583 5728 667 5785 lib.
697 5735 720 5784 1
747 5740 903 5791 SeuL,
920 5746 1024 5794 cap.
1037 5732 1085 5791 5,
1108 5728 1407 5792 cuminslgni
1429 5728 1680 5777 varietate.

113 5810 134 5847 ς
148 5796 281 5853 ιιίξρι
302 5800 487 5851 Alcuin.
507 5797 600 5849 col.
624 5796 734 5846 273.

1551 335 1930 396 SPECULUM.

3269 344 3369 404 971

1793 452 1935 521 phita
1946 467 2059 526 rum
2084 450 2352 526 haereseos
2376 461 2691 526 sectatores,
2718 456 2806 525 qui
2830 452 2956 510 dum
2992 454 3170 526 legunt
3196 458 3337 515 bomi

1789 537 1910 576 nem
1938 523 2000 576 ad
2031 524 2311 591 imaginem
2329 530 2384 577 et
2410 523 2803 579 similitudinem
2834 526 2926 581 Dei
2957 523 3147 582 factum
3169 570 3185 595 ,
3214 544 3347 585 asse-

1786 602 1913 647 runt
1952 594 2106 647 stulta
2142 596 2435 648 temeritate
2460 598 2691 662 speciem
2723 595 3008 649 humanam
3051 608 3101 653 te
3124 594 3359 656 habere:

1786 677 1906 717 cum
1954 664 2045 717 illo
2090 664 2141 717 in
2172 664 2307 737 loco
2334 664 2658 737 velidicaris
2698 666 2781 720 vel
2822 665 3056 722 credaris
3093 678 3359 737 mentem,

1787 747 1891 786 non
1922 747 2134 787 carnem
2156 775 2169 795 ,
2203 732 2267 786 ad
2297 734 2574 802 imaginem
2609 745 2748 789 tuam
2777 751 3007 790 creasse.

1856 802 2276 876 CAPUTLXIVL
2292 802 2367 876 De
2397 804 2667 876 latitudine
2692 847 2706 871 ,
2730 805 3069 876 longitudine,
3095 809 3360 864 altitudine

1785 880 1831 945 et
1876 872 2218 942 profunditate
2238 872 2357 926 Dei.
2385 872 2458 945 (ᾳ)
2482 874 2766 929 Enimvero
2789 872 2918 929 nihil
2958 877 3171 945 dignum
3216 880 3284 934 de
3312 890 3363 935 te

1784 941 2044 997 humanus
2072 959 2248 999 sermo
2277 941 2674 1018 ioqu'it'ur;_quia
2718 960 2833 1018 nec_
2856 941 3146 1018 secundum
3187 951 3360 1018 quali-

1787 1021 1946 1066 tatem
1982 1021 2083 1083 aut
2109 1014 2476 1083 quantitatem,
2504 1015 2662 1068 situm
2692 1015 2775 1069 vel
2820 1014 3057 1070 habitum
3103 1014 3360 1072 seu—mo-

1786 1091 1894 1153 tum
1925 1082 2135 1152 aliquid
2163 1083 2229 1137 de
2271 1093 2320 1137 te
2345 1082 2502 1153 digne
2539 1083 2752 1139 dicitur.
2787 1086 2852 1138 Et
2891 1094 3067 1139 tamen
3100 1087 3354 1153 latitudo,

1784 1152 2075 1224 longitudo,
2098 1154 2332 1224 altitudo
2354 1152 2421 1208 et
2439 1154 2765 1222 profunditas
2810 1156 2901 1211 tibi
2942 1155 3169 1224 quodam
3200 1158 3360 1212 modo

1783 1222 1957 1297 inesse
1995 1223 2204 1293 legitur.
2233 1223 2337 1297 Sed
2366 1224 2602 1297 latitudo
2645 1224 2856 1297 quidem
2903 1222 3177 1297 charitatis
3201 1269 3215 1289 ,
3257 1244 3360 1297 qua

1784 1308 1880 1367 nos
1910 1294 1975 1348 ab
2000 1309 2182 1348 errore
2206 1294 2409 1367 colligis
2455 1303 2509 1349 et
2532 1296 2774 1367 contines
2802 1295 2857 1367 in
2880 1296 3138 1360 veritate;
3188 1294 3360 1367 longi-

1783 1363 1910 1416 tudo
1939 1379 2084 1427 vero,
2116 1379 2214 1433 qua
2247 1379 2343 1416 nos
2369 1364 2738 1432 longanimiter
2759 1366 2927 1419 malos
2958 1375 3157 1433 portas,
3189 1363 3359 1421 donec

1782 1432 2092 1488 emendatos
2139 1432 2326 1487 futura:
2358 1435 2538 1502 patria:
2576 1436 2857 1499 restituas;
2888 1432 3110 1489 altitudo
3138 1443 3315 1491 autem
3336 1478 3353 1501 ,

1781 1518 1882 1571 qua
1930 1518 2143 1575 omnem
2176 1518 2399 1575 sensum
2442 1512 2496 1558 et
2526 1503 2796 1558 hominum
2836 1515 2888 1559 et
2916 1506 3227 1575 angelorum
3257 1507 3359 1560 im-

1782 1573 2062 1628 mensitate
2112 1574 2803 1645 scientiaesuperexcellis;
2860 1573 3189 1645 profunditas
3225 1592 3358 1645 quo-

1781 1658 1920 1715 que,
1970 1658 2072 1712 qua
2100 1642 2428 1715 damnandos
2446 1642 2689 1715 irinferius
2722 1642 2874 1715 juxta
2913 1646 3213 1715 arquitatem
3245 1642 3358 1701 dis-

1782 1713 1952 1784 ponis,
1980 1724 2139 1784 atque
2186 1722 2335 1767 recto
2365 1713 2565 1784 judicio
2588 1713 2750 1783 jodex
2787 1714 2960 1783 justus
2979 1713 2991 1715 ἡ
3010 1716 3354 1784 praeordiuas.

1780 1782 2003 1864 omnem
2055 1782 2213 1864 igitur
2237 1782 2682 1864 supergrediaiur
2707 1782 3121 1864 creaturam—net
3164 1787 3358 1864 mentis

1783 1852 2025 1924 intuitum
2076 1853 2213 1924 ultra
2269 1852 2445 1907 omnia
2497 1853 2721 1923 dirigat,
2765 1855 2854 1922 qui
2901 1855 3099 1924 aliquid
3131 1856 3359 1911 voluerit

1780 1920 1848 1977 de
1866 1932 1962 1993 tua
1989 1922 2268 1993 ρίτςειίιφβιζθ
2305 1920 2628 1993 proprietate
2651 1964 2667 1989 ,
2700 1920 2906 1978 summa
2950 1920 3088 1979 bona
3115 1924 3289 1980 deitas
3312 1927 3354 1978 ι.

1850 1991 2076 2047 CAPUT
2144 1991 2261 2047 XV.
2307 1991 2418 2045 ’De'
2468 1993 2749 2050 eoanitione
2814 2003 3003 2047 sanctte
3073 1994 3355 2050 Trinitatis.

1780 2060 1940 2139 Tune
1980 2062 2121 2139 enim
2167 2062 2328 2119 homo
2369 2060 2553 2133 procul
2615 2063 2818 2139 positus
2862 2078 2893 2119 a
2931 2064 3195 2139 vanitate,
3247 2066 3355 2139 ple—

1782 2136 1904 2209 nius
1929 2135 1979 2187 in
2004 2136 2228 2209 veritate
2272 2143 2513 2209 tenetur,
2540 2135 2751 2209 quando
2781 2136 2830 2209 in
2862 2137 3024 2209 corde
3067 2138 3183 2209 ejus
3204 2135 3353 2209 quid-

1780 2204 1926 2275 quid
1956 2211 2038 2259 est
2062 2245 2075 2267 ,
2107 2204 2245 2259 Deus
2292 2206 2504 2275 reliquis
2528 2204 2731 2260 cunctis
2776 2207 2843 2261 ab
2890 2204 3111 2261 intuitu'
3133 2204 3351 2263 dimotis

1781 2273 2005 2345 pacifica
2030 2275 2113 2343 pie
2161 2273 2420 2341 creditur,
2445 2284 2498 2329 et
2539 2283 2721 2329 sancte
2765 2276 3047 2345 cogitatur.
3094 2276 3198 2333 Sed
3231 2279 3353 2334 licet

1780 2358 1936 2417 nemo
1965 2343 2070 2407 sit,
2100 2345 2187 2414 qui
2232 2354 2282 2417 te
2320 2346 2502 2417 inhac
2527 2346 2660 2417 valle
2687 2343 3038 2417 iacryinarum
3066 2349 3240 2403 valeat
3268 2351 3351 2403 ef-

1780 2414 2015 2487 ficaciter
2032 2414 2486 2487 comprehendere
2513 2415 2595 2468 vel
2624 2414 2873 2487 difﬁnire,
2898 2432 3143 2487 magnum
3176 2428 3349 2475 tamen

1780 2492 1833 2538 et
1860 2484 2050 2538 mirum
2078 2484 2232 2539 valde
2258 2497 2453 2539 nostra:
2500 2486 2639 2538 :ctati
2683 2486 2863 2539 datum
2888 2484 3007 2552 est,
3028 2490 3167 2543 scire
3206 2489 3273 2543 de
3300 2500 3351 2543 te

1779 2568 1990 2625 summo
2029 2554 2204 2620 bono,
2237 2563 2322 2608 tua
2373 2554 2525 2608 nobis
2568 2554 2815 2608 nimirum
2861 2557 3025 2625 gratia
3056 2559 3344 2613 revelante.

1778 2624 1908 2697 guis
1936 2634 2064 2697 ante
2084 2625 2285 2697 nos_in
2321 2640 2444 2694 quos
2470 2626 2595 2697 ﬁnes
2622 2624 2921 2697 surculorum
2959 2626 3256 2682 devenerunt
3285 2629 3304 2697 (
3330 2629 3349 2683 Ι

1779 2691 1898 2748 Cor.
1930 2710 1983 2760 κ,
2010 2694 2130 2766 ll),
2154 2694 2294 2766 t_alia_
2322 2691 2399 2749 sic
2424 2691 2699 2766 manifesta
2742 2696 2926 2766 audire
2952 2700 3120 2766 potuit
3150 2700 3230 2754 vel
3256 2691 3348 2753 cb-

1778 2763 2124 2835 gnoscereide
2152 2763 2408 2818 Trinitate
2433 2774 2486 2819 et
2512 2764 2733 2831 imitate,
2761 2765 2829 2821 de
2856 2763 3093 2835 personis
3119 2780 3173 2824 et
3218 2770 3348 2823 sub-

1779 2835 2008 2905 stantia?
2031 2834 2107 2887 De
2136 2842 2189 2905 te
2208 2835 2442 2905 quidem,
2476 2835 2631 2889 Pater
2656 2835 2824 2901 Deus,
2854 2834 2993 2904 quod
3023 2839 3096 2892 sis
3124 2854 3153 2892 a
3182 2840 3345 2905 nullo,

1778 2912 1833 2958 et
1868 2904 1987 2980 ideo
2015 2904 2276 2980 ingenitus
2324 2904 2551 2970 dicaris;
2585 2906 2652 2958 de
2690 2905 3040 2980 .Filioautem
3071 2917 3198 2973 tuo,
3226 2904 3347 2980 quia

1777 2974 2065 3048 genituset
2084 2990 2112 3027 a
2145 2983 2196 3027 te
2224 2976 2293 3048 sit
2315 3013 2331 3037 ,
2362 2989 2465 3027 non
2493 2990 2521 3028 a
2549 2990 2640 3048 se;
2672 2974 2739 3029 de
2768 2975 2962 3048 Spiritu
2989 2994 3199 3048 quoque
3228 2974 3350 3035 san-

1778 3052 1886 3110 cto,
1913 3045 2035 3113 quia
2061 3044 2354 3116 procedens
2379 3053 2431 3116 ei
2456 3060 2559 3098 non
2587 3047 2656 3099 sit
2680 3060 2709 3098 a
2739 3044 2829 3110 se,
2860 3047 2952 3100 sed
2980 3044 3022 3100 a'
3039 3058 3089 3101 te
3114 3044 3167 3102 et
3190 3049 3346 3116 Filio,

1778 3128 2003 3183 quorum
2023 3124 2105 3167 est
2144 3114 2380 3182 spiritus.
2411 3113 2485 3167 Ita
2517 3123 2667 3168 tenus
2687 3154 2701 3178 ,
2731 3124 2788 3168 ut
2820 3116 2955 3169 sicut
2984 3124 3037 3170 tu
3064 3117 3220 3173 Pater
3249 3113 3349 3176 nec

1779 3184 2007 3251 genitus,
2037 3198 2135 3238 nec
2174 3183 2467 3252 procedens
2494 3183 2596 3237 dici
2625 3191 2806 3253 potes;
2832 3186 2909 3239 sic
2934 3185 3101 3241 Filius
3132 3204 3228 3243 nec
3259 3191 3345 3243 in-

1779 3254 1987 3321 genitus
2006 3292 2022 3319 ,
2048 3268 2144 3308 nec
2169 3253 2460 3322 procedens
2484 3270 2498 3317 ;
2528 3254 2605 3308 sic
2644 3269 2741 3308 nec
2769 3253 2998 3323 Spiritus
3026 3268 3239 3311 sanctus
3263 3260 3349 3312 in-

1778 3323 2008 3391 genitus,
2034 3338 2131 3378 nec
2157 3323 2365 3393 genitus
2393 3322 2497 3377 dici
2520 3323 2750 3397 debeant
2780 3322 3078 3397 qquatenus
3108 3330 3350 3397 pr0prie-

1782 3402 1863 3447 tas
1890 3408 2234 3462 personarum
2264 3402 2314 3447 te
2331 3408 2492 3446 unum
2521 3393 2730 3449 Patrem
2758 3393 2913 3448 simul
2940 3411 3060 3450 cum
3081 3393 3185 3451 uno
3216 3394 3349 3452 Filio

1780 3472 1961 3537 et_un_o
1988 3463 2187 3533 Spiritu
2231 3472 2414 3537 sancto
2442 3472 2684 3532 patenter
2726 3465 2879 3537 nobis
2926 3466 3189 3537 ostendat.
3220 3470 3351 3537 Quis

1781 3532 2044 3602 prioribus
2096 3534 2305 3587 smculis
2351 3533 2403 3587 in
2432 3545 2484 3588 te
2526 3550 2686 3588 unum
2731 3535 2948 3590 credere
2976 3536 3142 3590 Deum
3168 3580 3181 3601 ,
3217 3532 3271 3594 et
3301 3550 3353 3594 te

1780 3602 2018 3658 conﬁteri
2047 3605 2240 3679 trinum
2258 3644 2274 3671 ,
2304 3618 2486 3679 neque
2512 3605 2855 3679 substantiam
2882 3620 3154 3679 separatis,
3184 3624 3353 3679 neque

1785 3688 2039 3746 personas
2088 3673 2449 3746 confundens,
2497 3675 2573 3727 sic
2619 3674 2905 3746 prudenter
2945 3673 3351 3746 itttellcxit,sic

1782 3744 1953 3812 palam
1996 3743 2209 3813 sapuit,
2253 3746 2330 3796 sic
2369 3758 2495 3797 vere
2538 3745 2822 3813 cognovit?
2852 3744 3014 3799 Filius
3056 3761 3185 3803 sane
3233 3743 3354 3805 tuus

1782 3814 1977 3868 missus
2005 3812 2077 3883 (b)
2124 3816 2188 3866 ad
2219 3812 2484 3881 publicum
2531 3812 2770 3869 nostrum
2800 3815 2867 3869 de
2896 3816 3012 3871 sinu
3063 3828 3151 3873 tuo
3175 3861 3188 3883 ,
3218 3818 3354 3875 hanc

1782 3892 1927 3958 recte
1956 3884 2075 3958 fidei
2106 3898 2343 3937 normam
2373 3884 2669 3938 evidentius
2716 3886 2840 3958 huic
2881 3886 3080 3941 ultima:
3112 3891 3355 3958 patefecit

1782 3954 1955 4025 aetati.
1992 3953 2302 4024 Priusquam
2340 3964 2598 4025 creaturae
2656 3955 2965 4011 ostenderes
3020 3953 3351 4025 creatorem,

1783 4023 1837 4077 in
1881 4023 1995 4101 sola
2018 4023 2176 4101 notus
2203 4038 2324 4078 eras
2350 4024 2529 4101 Judaea
2555 4064 2570 4091 ,
2602 4024 2743 4101 Deus
2763 4067 2778 4091 ,
2808 4035 2861 4079 et
2892 4026 3132 4101 in_lsrael
3163 4023 3352 4101 magna

1784 4094 2013 4171 nominis
2042 4095 2269 4171 tuit'ama
2298 4102 2354 4171 e_t_
2376 4094 2549 4171 cuiius
2573 4094 2885 4149 audiebatur
2911 4096 3073 4167 (Psal.
3097 4094 3350 4171 Lxxvfi).

1784 4163 1889 4218 Sed
1920 4164 2171 4239 numquid
2201 4165 2277 4217 sic
2321 4164 2899 4239 liquido,_aut_tautum
2921 4163 3184 4236 quantum
3214 4163 3351 4239 apud

1784 4248 1883 4288 nos
1908 4234 2007 4288 sub
2020 4236 2185 4303 gratia
2210 4235 2546 4288 constitutOs?
2566 4234 2636 4287 l)e
2656 4234 2697 4287 Τ
2700 4235 2912 4288 rinitate
2930 4234 3056 4290 vero
3084 4234 3353 4295 individua

1785 4319 1969 4373 parum
1992 4305 2135 4375 quid
2173 4314 2304 4375 tunc
2342 4304 2595 4375 perpatici
2622 4314 2918 4375 senserunt.
2967 4306 3351 4375 Legislatorum

1784 4376 1924 4429 enim
1978 4374 2069 4427 ﬁlii
2097 4373 2222 4443 quid
2267 4373 2482 4443 de’una
2510 4373 2802 4439 Trinitate,
2834 4375 2915 4428 vel
2960 4373 3093 4429 trina
3149 4380 3352 4434 unitate

1786 4445 1923 4499 scire
1971 4442 2235 4517 debeant,
2279 4442 2437 4513 digna
2464 4443 2694 4517 perculsi
2721 4445 2959 4517 edacitate
3000 4446 3174 4517 adhuc
3198 4449 3352 4517 igno-

1785 4523 1904 4568 rant
1929 4531 1942 4567 :
1973 4513 2114 4567 aliud
2146 4524 2336 4581 praeter
2363 4529 2521 4567 unum
2558 4513 2722 4567 Deum
2749 4515 2925 4568 miseri
2954 4516 3197 4571 nolentes
3219 4513 3353 4572 con-

1786 4584 1949 4646 fiteri,
1979 4591 2035 4637 et
2060 4585 2351 4654 garrientes
2373 4584 2442 4654 in
2473 4597 2569 4654 no_s
2594 4584 3057 4654 verbisantalignis
3076 4627 3092 4652 ,
3124 4588 3249 4642 dum
3276 4589 3359 4644 di-

1785 4654 1956 4727 cimus
1985 4662 2036 4707 te
2061 4654 2266 4727 Patrem
2300 4652 2494 4707 habere
2521 4651 2731 4727 Filium.
2765 4652 2927 4708 Nobis
2944 4651 3132 4727 autem
3163 4659 3251 4727 qui
3289 4675 3355 4714 ex

1786 4722 2043 4779 Gentibus
2070 4724 2334 4786 venimus,
2369 4738 2525 4792 quam
2550 4723 2711 4776 multa
2742 4732 2795 4777 et
2819 4739 2937 4779 vera
2964 4725 3033 4780 de
3060 4722 3198 4781 trino
3227 4745 3359 4783 uno-

1786 4810 1889 4866 que
1919 4794 2028 4849 Deo
2054 4792 2235 4847 datum
2278 4794 2346 4847 sit
2371 4808 2559 4863 sapere
2579 4834 2591 4856 ,
2622 4796 2846 4866 probant
2874 4795 3034 4850 corda
3073 4813 3191 4866 qua:
3238 4814 3358 4854 cre-

1786 4864 1953 4929 dunt,
1986 4878 2192 4918 necnon
2227 4873 2279 4918 et
2303 4879 2396 4917 ora
2421 4879 2540 4933 qua:
2591 4864 2937 4930 confitentur,
2962 4864 3122 4934 atque
3162 4868 3359 4925 nihiloc

1788 4936 1964 5007 minus
2004 4934 2222 5007 ﬂagella
2271 4934 2420 5001 ipsa,
2470 4942 2524 4987 et
2569 4948 2714 5007 mors
2765 4949 2883 5005 quae
2950 4950 3049 5005 pro
3100 4937 3199 4993 hac
3246 4942 3358 5007 ipsa
3446 4954 3455 4960 '

1788 5004 2122 5059 confessione
2159 5004 2301 5076 illata
2339 5011 2503 5076 sunt:
2538 5005 2791 5076 scriptum
2839 5014 2921 5060 est
2956 5004 3105 5062 enim
3127 5049 3142 5076 ,

1788 5091 1928 5128 senes
1948 5073 2366 5146 iiueliexi_(_l_’sai.
2395 5089 2552 5146 CXAVILI
2574 5116 2589 5140 ,
2625 5074 2769 5146 100).

1859 5144 2105 5199 CAPUT.
2146 5142 2280 5198 XVI.
2318 5142 2465 5210 Quod
2503 5142 2736 5198 Trinitas
2761 5146 2825 5199 sit
2868 5146 3151 5201 individua.
3207 5148 3361 5201 Crea-

1789 5232 1859 5289 γεΔ
1894 5215 2052 5289 solius
2080 5213 2173 5267 Dei
2216 5224 2309 5267 est.
2350 5212 2826 5289 vet-buntquomodo
2848 5215 3116 5289 iniPatre.
3149 5219 3220 5289 (ε)
3258 5220 3363 5272 Do-

1790 5286 1939 5340 mine
1985 5284 2127 5339 Deus
2152 5293 2333 5338 noster
2360 5284 2512 5337 vivus
2540 5295 2594 5338 et
2623 5300 2799 5350 verus,
2829 5287 2928 5340 nisi
2962 5295 3016 5341 tu
3046 5284 3252 5341 trinitas
3275 5305 3359 5342 es-

1791 5370 1900 5419 ses,
1932 5370 2037 5428 non
2062 5354 2328 5428 diceretn_r
2345 5368 2474 5428 voice
2502 5353 2783 5428 V_eri_tatis_:
2807 5354 2903 5428 Ite,
2928 5357 3176 5428 baptizate
3190 5375 3360 5428 omnes

1790 5435 1959 5495 gentes
1976 5426 2029 5476 in
2049 5424 2248 5477 nomine
2270 5421 2444 5477 Patris
2459 5423 2641 5494 etiFilii
2660 5434 2707 5477 et
2726 5425 2763 5479 S
2771 5427 2949 5496 piritus
2962 5421 3127 5480 sancti
3150 5427 3359 5498 (Matth.

1855 5542 1872 5573 ι
1908 5540 2197 5589 Βοῖιεῐίεωιιε
2209 5544 2313 5598 his,
2336 5537 2423 5601 Dei
2443 5537 2639 5601 bonitas.
2664 5539 2801 5601 ΕΔΜ,
2821 5540 2928 5591 boni
2948 5539 3118 5591 denas.

1878 5601 1928 5661 η)
1962 5607 2027 5650 Ex
2051 5601 2211 5661 [Stdori
2234 5605 2365 5648 Sent.
2387 5598 2471 5661 lib.
2498 5600 2542 5657 1,
2565 5613 2672 5661 cap.
2700 5604 2748 5647 2.

1880 5659 1928 5722 ὸ)
1963 5662 2123 5711 Modus
2144 5659 2371 5722 loquendi
2392 5660 2589 5722 Memno
2609 5659 2830 5710 usitatus.
2855 5662 2945 5722 sic.
2969 5660 3062 5710 col.
3085 5662 3190 5722 133,
3223 5674 3267 5711 e.

1879 5720 1941 5785 c);
1960 5720 2310 5785 Alcuious,’col.
2349 5721 2469 5777 H8,
2516 5728 2627 5785 pose
2645 5728 2845 5785 August.
2872 5721 2958 5769 lib.
2982 5723 3040 5774 10
3069 5724 3133 5773 de
3177 5720 3366 5785 inuia,

1793 5781 1997 5847 0313.98.
2035 5782 2133 5831 vid.
2159 5789 2313 5832 'rract.
2342 5788 2537 5846 August.
2571 5781 2634 5829 29
2664 5781 2869 5832 in’Joan.

3190 5007 3360 5081 Super
