3804 6358
507 350 714 405 ordine.
763 348 905 402 Deus
962 345 1240 400 invisibilis
1285 353 1339 398 et
1387 345 1664 408 immense,
1710 343 1986 398 inell'abilis
2031 354 2084 398 et

508 433 744 485 :eterue,
791 416 1337 487 incomprehensibilis
1365 415 1782 487 etincorporee,
1815 416 2089 487 immorta-

511 491 576 544 lis
604 499 657 544 et
705 485 983 556 perpetue,’
1026 485 1468 556 incommutabilis
1508 493 1562 540 et
1609 485 2085 556 ineircumscripte,

510 559 767 614 mirabilis
795 555 851 611 et
878 557 1172 621 benedicte,
1204 555 1504 618 iudieibilis,
1536 555 1620 608 cui
1645 570 1765 608 esse
1787 566 1868 608 est
1889 556 2085 619 vivere,

510 644 700 697 sapere
728 635 782 682 et
821 628 1130 697 intelligere,
1165 627 1302 680 seire
1329 634 1382 697 et
1417 639 1596 697 posse,
1635 624 2089 697 pulchrescereet

509 694 805 752 clarescere
831 694 1075 751 ununfet
1101 696 1237 748 idem
1268 694 1380 760 est;
1413 695 1532 763 quia
1559 695 1782 762 simplex
1811 710 1890 760 es,
1931 702 1984 748 et
2005 694 2088 747 di-

507 768 614 821 vidi
645 783 750 821 non
781 777 949 836 potes.
975 766 1056 820 Tu
1081 781 1140 819 es
1165 767 1303 836 Deus
1331 779 1478 817 meus
1497 765 1646 836 vivus
1666 773 1720 818 et
1743 769 1918 836 Verus,
1952 765 2090 818 Deus

509 839 648 906 pius,
683 835 956 892 rex’meus
989 851 1228 905 magnus.
1261 835 1335 888 Te
1374 851 1532 888 unum
1565 835 1728 887 Deum
1758 835 2088 906 colo,iunum

512 903 823 961 naturarum
852 903 1187 974 principium,
1211 920 1240 957 a
1267 920 1370 972 quo
1392 906 1705 958 universitas
1733 913 1786 957 et
1813 903 2090 959 inchoatur

509 986 564 1032 et
588 976 859 1047 perficitur
884 985 938 1030 et
965 976 1264 1047 continetur
1289 993 1301 1028 :
1325 991 1486 1028 unum
1515 975 1680 1029 Deum
1707 988 1862 1047 aquo
1881 989 2085 1047 sumus,

511 1043 608 1114 per
634 1062 789 1114 quem
821 1060 1022 1108 sumus,
1065 1046 1116 1098 in
1143 1061 1248 1113 quo
1278 1059 1482 1106 smnus,
1524 1059 1554 1096 a
1593 1059 1697 1112 quo
1725 1043 2086 1114 discessimus,

513 1113 600 1169 cui
642 1113 926 1170 dissimiles
959 1116 1077 1168 facti
1125 1129 1341 1177 sumus;
1384 1115 1697 1183 principium
1726 1113 1790 1166 ad
1817 1113 1957 1181 quod
2000 1128 2089 1167 re-

512 1186 795 1249 currimus,
825 1194 880 1238 et
906 1185 1128 1238 formam
1157 1199 1311 1253 quam
1340 1185 1628 1252 sequimur,
1659 1191 1712 1237 et
1737 1183 1960 1252 gratiam
1985 1197 2089 1252 qua

511 1255 956 1319 reconciliamur;
1004 1270 1162 1308 unum
1193 1268 1298 1324 quo
1326 1265 1540 1307 auctore
1569 1253 1762 1308 conditi
1791 1268 1993 1317 sumus,
2035 1263 2090 1307 ct

513 1325 912 1378 similitudinem
943 1341 1034 1392 per
1060 1340 1214 1394 quam
1255 1324 1318 1377 ad
1349 1325 1600 1377 unitatem
1639 1324 2007 1394 reforrrnamur,
2035 1331 2088 1376 et

510 1409 696 1462 pacem
751 1410 851 1464 qua
899 1393 1092 1448 unitati
1135 1395 1504 1464 adhaeremus;
1558 1409 1720 1446 unum
1769 1393 1933 1464 Deum
1983 1408 2088 1462 quo

510 1461 1036 1529 creatore—vivimus,
1077 1479 1235 1532 quem
1275 1463 1573 1532 diligentes,
1623 1471 1676 1516 et
1717 1477 1821 1530 quo
1857 1461 2089 1518 fruentes

509 1534 668 1589 beate
699 1535 959 1599 vivimus;
993 1544 1045 1588 te
1079 1533 1255 1598 laudo,
1287 1533 1546 1587 benedice
1580 1542 1736 1600 atque
1765 1532 1948 1597 adoro,
1985 1541 2088 1586 tua:

511 1604 810 1658 clementia:
865 1613 919 1657 et
964 1604 1183 1657 bonitati
1229 1604 1422 1672 gratias
1468 1602 1643 1656 refero
1689 1617 1784 1671 pro
1830 1603 2090 1656 universis

509 1673 667 1728 donis
701 1675 801 1727 tuis
832 1689 894 1728 ac
917 1674 1073 1739 (latis,
1102 1681 1156 1726 et
1183 1687 1278 1741 pro
1302 1674 1549 1726 omnibus
1579 1672 1849 1727 beneficiis
1879 1674 2089 1726 miseri-

509 1745 706 1799 cordire
737 1754 861 1805 tute,
891 1759 1008 1812 qum
1046 1744 1235 1796 anima:
1265 1744 1584 1812 eorporique
1630 1757 1749 1812 meo
1776 1742 2003 1810 largiris,
2036 1751 2090 1797 et

508 1827 720 1882 semper
750 1811 967 1882 largitus
996 1829 1054 1866 es
1087 1828 1114 1864 a
1149 1828 1310 1880 puero
1339 1822 1391 1866 et
1417 1828 1446 1864 a
1486 1811 1762 1882 ettnabulis
1803 1813 1932 1865 meis
1964 1827 2086 1880 pro-

509 1881 636 1949 pter
671 1892 722 1936 te
750 1894 802 1937 et
831 1881 1020 1936 nomen
1048 1891 1192 1936 tuum
1225 1892 1486 1935 sanctum.
1535 1881 1686 1937 Unde
1725 1890 1973 1949 expertus
2000 1883 2082 1936 di-

507 1952 633 2018 diei,
665 1953 784 2020 quia
815 1961 867 2005 tu
895 1953 1032 2006 Deus
1056 1959 1256 2017 noster,
1290 1954 1425 2006 Deus
1455 1967 1514 2006 es
1535 1952 1750 2005 infinitae
1781 1952 2083 2006 misericor-

506 2021 628 2085 ἀίω,
655 2031 710 2076 et
731 2021 1022 2090 majestatis
1051 2023 1324 2076 immenszc
1352 2023 1668 2090 pietatisque
1688 2021 1930 2089 gratuitae
1958 2039 1972 2074 :
1995 2023 2084 2089 qui

507 2105 694 2146 servos
737 2101 855 2145 tuos
886 2093 1024 2145 inter
1047 2092 1266 2145 adversa
1295 2101 1348 2144 et
1379 2107 1629 2160 prospera
1661 2091 1972 2144 mirabiliter
1998 2091 2082 2144 di-

505 2161 634 2231 rigis
663 2170 820 2230 atque
846 2162 1101 2222 custodis,
1131 2163 1311 2229 sicque
1343 2161 1633 2215 moderaris
1667 2163 1827 2214 vitam
1873 2161 2080 2214 illorum

505 2230 811 2299 in'utraque
851 2241 1017 2299 parte,
1067 2239 1122 2284 ut
1160 2231 1378 2284 adversa
1411 2231 1699 2298 prosperis,
1743 2237 1796 2281 et
1830 2244 2080 2299 prospera

503 2297 794 2354 succedant
843 2297 1100 2355 adversis.
1143 2297 1486 2368 (.‘onﬁteantur
1526 2297 1652 2367 (Ergo
1690 2300 1794 2360 tibi,
1846 2297 2078 2363 Domine,

503 2371 672 2423 omnia
690 2385 840 2438 Opera
857 2379 960 2427 tua.
981 2380 1025 2423 et
1042 2371 1201 2422 sancti
1212 2367 1283 2421 tui
1299 2370 1586 2421 benedicant
1604 2368 1688 2420 tibi
1708 2367 1878 2437 (Psal.
1897 2383 2077 2438 CXLIV,

502 2439 624 2507 40);
665 2437 728 2492 et
755 2450 810 2492 ut
835 2439 1136 2492 confitendo
1163 2439 1492 2506 resipiscam,
1528 2454 1631 2490 non
1671 2447 1883 2490 cessent
1907 2454 1936 2489 a
1966 2437 2079 2490 lau-

500 2508 656 2562 dibus
698 2509 802 2562 tuis
842 2509 939 2576 ipsi
976 2509 1133 2562 etiam
1165 2516 1490 2576 peccatores.
1528 2509 1762 2573 Quorum
1803 2521 1936 2576 unus
1975 2522 2076 2576 ego

503 2577 627 2632 licet
671 2579 722 2631 in
763 2575 991 2646 peccatis
1035 2580 1270 2645 pronior,
1319 2577 1481 2631 corde
1527 2587 1702 2630 tamen
1753 2575 2075 2630 desideranti

501 2657 617 2700 tuas
647 2648 872 2701 decanto
901 2647 1102 2712 laudes,
1150 2648 1192 2700 si
1232 2662 1335 2700 non
1378 2661 1440 2700 ea
1472 2661 1569 2715 qua
1601 2646 1770 2700 debeo
1798 2646 1952 2700 laude
1991 2648 2072 2700 vel

498 2717 774 2785 dignitate.
818 2717 952 2771 facio
981 2733 1081 2785 qua
1111 2717 1263 2770 valeo
1299 2716 1550 2771 facultate
1578 2734 1590 2768 :
1616 2716 1842 2783 respice,
1871 2731 2068 2784 quaeso,

496 2800 689 2840 sereno
725 2787 890 2856 vultui
915 2787 979 2840 ad
1011 2787 1112 2840 hoc
1150 2802 1282 2840 mea:
1323 2786 1620 2856 exiguitatis
1656 2786 1990 2853 obsequium,
2021 2796 2076 2841 et

495 2857 816 2924 propitiabili
862 2855 1167 2923 dignatione
1217 2856 1397 2924 accipe
1425 2855 1710 2909 tantillum
1756 2856 2072 2910 saerilicium

493 2926 845 2981 confessionis
879 2926 999 2979 lidei
1039 2942 1205 2992 meae,
1238 2934 1298 2980 ut
1337 2925 1404 2978 ad
1448 2936 1499 2978 te
1537 2925 1721 2980 redeat
1772 2924 1912 2994 quod
1951 2941 1978 2977 a
2025 2935 2076 2980 te

493 2997 672 3059 venit;
708 3012 812 3050 non
844 2997 1134 3064 respiciens
1172 3005 1375 3050 tantum
1403 2995 1468 3050 ad
1497 2995 1548 3049 id
1573 2994 1713 3064 quod
1739 2994 1963 3049 devotus
1989 2995 2072 3048 of-

493 3064 627 3131 fero,
657 3076 911 3134 quantum
941 3065 1008 3118 ad
1034 3082 1094 3120 ea
1133 3081 1250 3134 quae
1281 3066 1621 3120 devotissime
1646 3064 1823 3134 dicere
1850 3065 1990 3134 volui
2020 3076 2073 3119 et

492 3135 634 3206 volo.
663 3133 928 3206 Quidquid
949 3136 1091 3189 enim
1120 3133 1342 3190 dedecet
1362 3136 1444 3190 vel
1476 3144 1527 3189 te
1547 3133 1794 3206 oll‘endit,
1818 3133 2073 3206 abhorret

492 3205 669 3259 anima
698 3204 835 3260 mea.
871 3205 1078 3260 Utinam
1101 3220 1311 3274 possem
1337 3206 1458 3260 talia
1483 3205 1654 3274 qualia
1683 3205 1759 3274 illi,
1785 3204 2072 3274 hymnidici

491 3274 1027 3346 Angelorum-chori!
1071 3273 1115 3330 Ο
1144 3291 1299 3346 quam
1329 3273 1615 3346 diligct’iter
1633 3289 1720 3328 me
1751 3273 2074 3346 inlaudibus

494 3342 600 3398 tuis
627 3354 794 3400 totum
825 3342 1177 3408 effunderem,
1207 3353 1262 3400 et
1287 3342 1580 3399 luculenter
1606 3345 1656 3397 in
1681 3344 1856 3397 medio
1881 3343 2071 3397 Eccle-

491 3416 585 3468 siae
613 3430 827 3469 carmen
866 3415 1048 3484 gloria:
1086 3423 1189 3469 tua:
1229 3414 1932 3484 infatigabilisiperorareml
1966 3412 2072 3466 Sed

491 3485 612 3552 quia
644 3493 700 3538 ut
729 3481 1044 3554 illinequeo,
1077 3497 1293 3553 prorsus
1325 3481 1547 3538 tacebo?
1575 3482 1699 3554 vae,
1715 3481 1956 3554 Domine,
1990 3490 2071 3536 ta-

492 3554 736 3608 centibus
758 3554 826 3609 de
866 3553 936 3618 te,
961 3555 1052 3624 qui
1082 3569 1176 3608 ora
1215 3562 1480 3608 mutorum
1510 3553 1755 3619 resolvis,
1787 3560 1841 3606 et
1865 3553 2071 3622 linguas

1957 229 2318 285 serenata.
3545 265 3626 321 Μ

2191 345 2640 446 Ῐὶιξέὲἷιῐξξξῐηιξῗῗξὸι
2671 349 2897 446 diset'tas
2935 351 3082 446 (Sap;
3110 373 3150 446 Ix
3175 398 3202 446 ζ.
3227 361 3321 444 2i).
3363 365 3516 426 Verum
3548 383 3628 446 quia

2200 419 2435 511 parnvulis
2476 420 2596 473 licet
2626 421 2810 511 laudejs
2854 419 2966 476 tuas
2999 419 3350 511 veibalbutire,
3378 419 3627 511 debet;

2201 487 2480 574 orificium,
2513 505 2720 560 precor,
2764 492 2831 546 de
2872 507 3030 547 manu
3065 497 3244 568 lingua:
3276 487 3634 574 mémftié'iiﬁa

2199 572 2401 619 amore.
2863 586 2866 590 '

2272 629 2377 684 Sed
2405 632 2640 710 ignosce,
2669 647 2817 710 rogo,
2844 626 3079 710 Domine,
3103 637 3420 710 indignissimo
3435 656 3480 702 et
3499 650 3635 710 infelici

2201 708 2388 788 tecum"
2405 701 2470 788 de
2497 710 2550 788 te
2565 701 2761 788 diutius
2788 704 3018 788 loquenti
3043 701 3434 788 servofignosee,
3450 701 3638 788 pagg};

2203 784 2305 844 non
2346 772 2650 844 temeritate
2682 772 3124 842 przesumptionis,
3165 772 3636 844 sed'aviditatemijde:

2199 840 2378 894 siderii
2410 840 2532 917 huic
2559 840 3010 917 delioratiuneula:
3050 861 3248 917 operam
3283 850 3389 905 dedi
3415 871 3428 905 :
3453 866 3498 907 ut
3527 840 3638 917 uti},

2199 919 2252 962 et
2289 912 2527 988 manuale
2554 913 2772 988 verbum
2817 929 3024 988 mecum
3061 912 3125 988 die
3167 926 3214 970 te
3241 934 3420 988 semper
3441 923 3620 982 haberem

2201 993 2262 1033 ex
2287 981 2435 1049 cujus
2465 984 2688 1037 lectione
2718 985 2924 1052 quoties
2955 985 3158 1052 tepelio,
3187 988 3232 1040 in
3263 973 3637 1052 tuuin

2197 1065 2456 1129 amorem:
2473 1051 2679 1129 'Sumus
2705 1051 2855 1129 enim
2875 1054 2926 1107 in
2960 1051 3130 1129 medio
3158 1056 3434 1129 iaqueorum
3457 1065 3587 1129 positi,
3608 1051 3643 1120 et

2200 1119 2321 1173 ideo
2343 1122 2492 1176 facile
2518 1123 2770 1193 accelesti
2796 1123 3122 1193 frigescimus
3143 1119 3396 1181 desiderio.
3421 1119 3535 1186 Unde
3555 1119 3625 1188 itidi

2199 1204 2384 1258 gemus
2425 1192 2638 1246 assiduo
2682 1193 3028 1254 monimento,
3073 1192 3173 1267 quo
3212 1199 3508 1267 expergeiaeti
3537 1205 3582 1255 ad
3610 1215 3642 1260 te

2201 1269 2438 1315 nostrum
2465 1278 2651 1338 verum
2673 1277 3046 1338 summumque
3073 1263 3285 1331 bonum,
3305 1263 3408 1322 cuin
3429 1269 3642 1338 deﬁnimus,

2197 1345 2550 1406 recurramus.
2601 1332 2776 1406 Multae
2821 1333 3053 1406 denique
3101 1343 3217 1406 sunt
3262 1332 3642 1406 contemplationes,

2195 1401 2385 1474 quibus
2410 1402 2584 1474 anima
2615 1403 2825 1474 devota,
2848 1404 2939 1455 tibi
2965 1404 3276 1458 exercitatur
3297 1416 3345 1459 et
3369 1401 3528 1474 proficit
3551 1427 3562 1460 :
3583 1401 3644 1465 sed

2197 1471 2333 1544 nulla
2356 1486 2545 1544 earum
2572 1472 2642 1544 ita
2673 1487 2758 1525 me
2782 1473 3032 1544 oblectat,
3065 1483 3154 1526 aut
3187 1490 3324 1529 mens
3346 1471 3444 1529 mea
3475 1479 3643 1544 intendit,

2197 1541 2334 1612 sicut
2355 1541 2440 1594 illa
2460 1557 2577 1610 quae
2599 1543 2666 1596 de
2684 1552 2772 1596 tua
2795 1543 2967 1612 agitur
2990 1544 3317 1612 proprietate.
3342 1545 3504 1601 Idcirco
3525 1541 3646 1604 neces;

2195 1611 2394 1682 sarium
2421 1612 2542 1682 duxi
2576 1612 2719 1666 hunc
2749 1611 2878 1666 mihi
2916 1611 3089 1666 solum
3124 1614 3391 1682 decerpere
3427 1631 3646 1671 sermuncu-

2197 1680 2327 1752 lum,
2357 1682 2444 1736 ubi
2474 1681 2542 1736 de
2571 1683 2951 1750 omnipotentia
2982 1680 3400 1752 majestatis‘tuae,
3424 1687 3521 1739 sicut
3536 1689 3646 1742 corde

2196 1751 2358 1804 credo
2403 1752 2470 1806 ad
2512 1753 2792 1820 justitiam,
2849 1754 2916 1806 ita
2971 1751 3080 1806 ore
3114 1754 3356 1808 confiteor
3397 1755 3451 1808 ad
3486 1756 3641 1810 salutem

2198 1820 2371 1894 (Rom.
2404 1838 2462 1894 ix,
2489 1824 2599 1894 ltl),
2635 1834 2698 1894 te
2719 1824 2882 1876 Deum
2909 1823 3122 1877 Patrem
3149 1823 3430 1893 ingenitum,
3462 1825 3648 1878 teFilium

2203 1893 2564 1961 unigenitum,
2588 1904 2636 1946 te
2677 1893 2930 1962 Spiritum
2973 1905 3213 1947 sanctum
3251 1895 3536 1962 paracletum,
3563 1909 3648 1947 san-

2203 1971 2341 2014 ctam
2381 1971 2433 2016 et
2472 1964 2790 2016 individuam
2835 1963 3149 2018 Trinitatem
3203 1979 3352 2017 unum
3381 1965 3526 2026 Deum,
3545 1962 3598 2032 (α)
3615 1964 3652 2016 in

2202 2032 2562 2101 magnitudine
2606 2033 2888 2096 infinitum,
2921 2034 2973 2086 in
3015 2034 3204 2087 virtute
3243 2034 3598 2101 omnipotentem,
3619 2035 3651 2085 in

2191 2099 2426 2156 bonitate
2469 2118 2752 2166 sununum,
2813 2103 2864 2156 in
2916 2103 3178 2171 sapientia
3217 2099 3586 2165 inaestimabilem,
3617 2102 3649 2154 in

2193 2172 2426 2242 consiliis
2456 2173 2768 2234 terribilem,
2792 2173 2844 2226 in
2866 2171 3085 2240 judieiis
3107 2173 3317 2241 justum,
3343 2173 3386 2225 in
3411 2172 3650 2242 cogitationi-

2189 2241 2288 2295 bus
2328 2244 2762 2304 secretissimum,
2809 2243 2862 2295 in
2893 2243 3080 2296 verbis
3118 2257 3362 2306 veracem,
3407 2243 3450 2295 in
3486 2242 3653 2310 operibus

2191 2319 2450 2372 sanctum,
2480 2314 2531 2365 in
2569 2312 2942 2366 misericordiis
2965 2313 3271 2380 copiosum;
3299 2328 3409 2380 erga
3431 2312 3650 2379 delinquen-

2193 2390 2270 2433 tes
2293 2382 2756 2448 patientissimum,
2782 2397 2904 2450 erga
2928 2384 3250 2450 poeuitentes
3275 2382 3541 2449 piissimum.
3563 2394 3652 2433 sem-

2189 2464 2285 2517 per
2311 2450 2447 2504 idem
2479 2452 2672 2520 ipsum,
2707 2460 2964 2505 aeternum
3011 2467 3075 2506 ae
3119 2451 3651 2520 sempiternum,iminor-

2188 2520 2347 2573 talem
2375 2518 2535 2591 atque
2562 2521 3055 2575 incommutabilem
3078 2540 3092 2587 ;
3123 2518 3272 2591 quem
3308 2536 3394 2573 nec
3416 2519 3547 2587 spatia
3568 2518 3653 2591 dila-

2188 2597 2320 2656 tant,
2350 2587 2462 2644 nec'
2481 2590 2712 2645 brevitas
2748 2592 2990 2646 locorum
3023 2587 3280 2660 angustat,
3310 2605 3396 2645 nec
3419 2587 3654 2660 receptacula

2188 2660 2293 2713 ulla
2330 2669 2621 2726 coarctant,
2667 2676 2764 2715 nec
2792 2663 3047 2716 voluntas
3074 2656 3255 2727 variat,
3298 2675 3388 2715 nec
3413 2656 3652 2727 necessitudo

2183 2732 2495 2799 corrumpit,
2544 2724 2641 2786 nec
2684 2741 2874 2786 moesta
2918 2724 3251 2799 perturbant,
3281 2730 3497 2799 necleta,
3518 2724 3655 2799 demul-

2184 2808 2341 2864 cent;
2370 2796 2452 2854 cui
2481 2796 2578 2856 nec
2606 2801 2803 2855 oblivio
2830 2796 2993 2863 tollit,
3041 2817 3141 2857 nee
3171 2801 3402 2855 memoria
3427 2796 3576 2860 reddit,
3596 2808 3655 2847 nec

2185 2871 2448 2936 przeterita
2481 2880 2776 2936 transeunt,
2820 2886 2919 2925 nec
2951 2872 3134 2926 futura
3173 2870 3464 2933 succedunt;
3501 2867 3565 2920 cui
3596 2877 3656 2916 nec

2184 2939 2333 3010 origo
2373 2941 2600 3003 initium,
2632 2956 2732 2995 nec
2772 2950 3018 3010 tempora
3053 2944 3433 3003 incrementum,
3458 2951 3535 3010 nec
3555 2946 3657 2988 casus

2186 3009 2345 3081 linem
2376 3011 2556 3065 dabit:
2586 3011 2679 3065 sed
2709 3021 2834 3070 ante
2875 3009 3100 3074 Smcula,
3129 3023 3183 3067 et
3223 3013 3272 3064 in
3293 3009 3506 3081 saeculis,
3539 3013 3658 3081 etpet

2182 3080 2373 3132 saecula
2403 3082 2454 3135 in
2484 3090 2741 3135 aeternum
2771 3081 2929 3146 vivis,
2967 3090 3027 3136 et
3068 3091 3150 3136 est
3175 3081 3261 3134 tibi
3291 3080 3392 3132 laus
3414 3079 3604 3146 perennis
3623 3079 3656 3121 Ol

2183 3157 2377 3201 aeterna
2420 3151 2610 3220 gloria,
2654 3165 2859 3204 summa
2891 3142 3136 3218 potestas
3178 3162 3230 3204 et
3256 3142 3495 3217 singularis
3523 3142 3658 3220 bonmn'.

2184 3209 2498 3288 perpetuﬁm
2540 3209 2759 3289 regnum
2801 3230 2853 3274 et
2889 3209 3016 3276 sine
3061 3223 3166 3274 line
3195 3209 3464 3288 imperium,
3495 3209 3660 3289 perinﬁ-

2179 3282 2297 3412 Rita‘
2341 3300 2393 3343 et
2439 3282 2704 3345 indele'ssa
2745 3299 2800 3343 et
2840 3291 3170 3346 immortalia
3205 3282 3382 3344 saecula
3411 3282 3660 3340 saeculorum.

2230 3373 2368 3412 men.

2230 3373 2346 3413 men
2357 3399 2368 3412 .

2242 3558 2317 3621 (ιι)
2354 3555 2532 3605 Alcuin.
2561 3554 2730 3614 verba,
2754 3553 2848 3604 col.
2869 3553 2985 3616 156,
3010 3568 3058 3605 a.

3345 3675 3662 3688 Α

1969 3669 3653 3698 Μ

496 3692 1301 3743 _.-._:.:_.-_____.__-__.
1311 3693 1422 3698 μμ--.
1487 3688 3434 3699 _..___.__._______________________________..____

859 3692 1170 3700 ____—..——

496 3693 858 3703 -..μ-κ*-

836 3831 1288 3900 ADMONITIO
1330 3831 1411 3892 IN
1453 3831 1855 3893 LIBELLUM
1905 3831 2041 3905 QUI
2081 3831 2404 3893 DICITUR
2455 3831 2865 3894 SPECULUM
2905 3826 3411 3899 PECCATOBIS,

565 3978 754 4033 Incerti
784 3978 1015 4032 auctoris
1055 3985 1138 4031 est
1173 3975 1312 4031 istud
1343 3975 1487 4031 aliud
1517 3974 1824 4045 Speculum,
1864 3984 1920 4031 et
1947 3976 2224 4047 Augustini
2251 3984 2409 4031 aetate
2446 3977 2612 4031 multo
2643 3976 2981 4046 posterioris.
3015 3978 3175 4032 Patet
3208 3991 3276 4032 ex
3303 3974 3400 4028 illis
3423 3965 3580 4028 verbis,
3608 3975 3668 4015 ca-

495 4072 605 4140 pite
626 4072 657 4124 7
684 4087 697 4126 :
727 4089 745 4128 ε
780 4071 844 4124 Et
873 4079 1086 4131 satanas
1125 4083 1284 4132 ausus
1316 4067 1413 4122 fuit
1438 4083 1558 4123 cum
1590 4067 1768 4130 furore
1798 4069 2052 4138 impetum
2080 4068 2252 4123 facere
2280 4069 2332 4122 in
2359 4069 2747 4131 sanctissimam
2777 4068 2917 4123 beati
2949 4069 3168 4124 Martini
3206 4068 3441 4129 animam,
3469 4058 3540 4130 qui
3569 4058 3661 4109 eral.

489 4171 549 4218 ut
571 4162 784 4228 dicitur,
811 4177 1020 4232 gemma
1047 4161 1383 4218 sacerdotum
1413 4177 1426 4214 :
1466 4179 1485 4214 ι
1516 4176 1634 4230 qua:
1664 4160 1913 4215 nimirum
1943 4159 2104 4215 verba
2130 4159 2424 4229 reSpiciuut
2454 4160 2504 4214 in
2534 4160 2743 4214 Martini
2769 4159 2958 4215 laudes
2999 4160 3070 4215 ab
3099 4159 3282 4215 Odone
3303 4148 3586 4212 Cluniacensi
3604 4142 3667 4196 ab-

487 4253 613 4308 bate
648 4251 996 4320 conscriptas.
1039 4249 1192 4304 Adde
1232 4249 1514 4319 praebenda:
1551 4249 1891 4313 vocabulum,
1937 4249 1991 4303 in
2028 4248 2202 4318 capite
2228 4250 2278 4313 7,
2313 4263 2410 4318 pro
2440 4248 2702 4304 beneﬁcio
2730 4234 3137 4305 Eeclesiastico'
3159 4245 3414 4318 usurpari,
3450 4235 3666 4310 signiﬁcatu

490 4352 615 4410 ante
635 4343 888 4398 saeculum
910 4342 1198 4408 decimum,
1229 4349 1281 4395 ut
1310 4341 1610 4410 opinamur,
1639 4340 1840 4410 ignoto.
1872 4339 2001 4407 Quae
2053 4348 2310 4409 praeterea
2337 4340 2388 4394 in
2419 4340 2593 4408 capite
2619 4340 2652 4395 5
2679 4340 2943 4410 leguntur,
2976 4355 3041 4396 ea
3069 4341 3315 4395 videntur
3335 4341 3587 4404 supponere
3600 4322 3668 4377 Ηυο

489 4435 640 4504 gonis
669 4434 927 4490 Victorini
955 4433 1149 4488 librum
1189 4433 1256 4488 de
1284 4431 1439 4487 Modo
1468 4431 1678 4499 orandi,
1705 4439 1760 4486 et
1787 4446 2032 4501 magnam
2065 4430 2262 4486 habere
2297 4432 2707 4501 consensionem
2735 4446 2854 4486 cum
2884 4432 3026 4487 libro
3055 4446 3214 4503 supra
3245 4442 3428 4485 excuso
3456 4423 3511 4479 de
3530 4414 3666 4488 Spirilu

491 4533 542 4578 et
586 4524 801 4589 Anima,
844 4539 1073 4595 cumque
1113 4523 1370 4592 opusculo
1409 4522 1476 4576 de
1505 4521 1842 4577 Conscientia
1889 4522 1942 4576 in
1984 4520 2240 4576 Bernardi
2267 4521 2594 4590 Appendice.
2633 4521 2867 4576 Collatus
2895 4520 3000 4580 fuit
3035 4522 3127 4577 hic
3153 4522 3359 4577 libellus
3385 4509 3501 4572 eum
3522 4507 3668 4567 duobus

493 4612 614 4666 lllss.
648 4625 755 4666 uno
775 4612 1114 4668 bibliotheca:
1138 4611 1336 4680 Regius,
1370 4619 1424 4664 et
1437 4611 1492 4664 S.
1524 4611 1756 4666 Medardi
1781 4610 2182 4666 Suessionensis
2208 4611 2397 4678 altero,
2431 4611 2481 4665 in
2509 4625 2616 4682 quo
2641 4611 2912 4682 Leolpapa
2938 4613 3165 4668 eitatur.

932 4765 933 4768 Ὺ
1014 4761 1938 4966 SPECULUM
2003 4837 3197 4991 PECGATORIS,

1625 5035 2129 5190 LIBER
2217 5047 2462 5154 ΠΝ
2473 5047 2675 5155 US.

1847 5253 2369 5308 ww

545 5369 769 5427 CAPUT
792 5369 1077 5428 PRIMUM.
1119 5371 1256 5438 Quid
1279 5371 1376 5435 his,
1405 5369 1612 5425 Utinam
1639 5375 1909 5440 saperent,
1930 5376 2052 5440 etc.,
2156 5366 2246 5435 jus
2277 5365 2456 5422 szeculi
2495 5363 2742 5440 fugientis
2779 5375 2984 5440 sumus,
3035 5364 3156 5420 dies
3200 5358 3503 5440 npstri__s_ic_ut

477 5451 704 5498 peccator
729 5441 984 5496 doceatur.
1025 5431 1305 5511 Qudniam,
1333 5431 1718 5508 charissime‘;
1749 5439 1803 5492 in
1840 5431 1924 5492 via
1957 5431 2056 5490 hu;
2158 5431 2502 5511 prmterettnt.
2539 5431 2768 5511 Necesse
2795 5434 3073 5511 estigitur
3119 5435 3279 5490 corde
3306 5431 3660 5511 εοιιὶσὶιοιξξξῖνξιξῗ

639 5492 688 5532 κν
1032 5492 1305 5511 ’νὼ-*Ἴ
1341 5492 1639 5496 mm
1688 5492 1702 5508 ⁷
2157 5492 2464 5568 memorari,
2502 5506 2646 5574 quod
2671 5515 2850 5560 nostra
2885 5492 3176 5574 fragilitas,
3203 5492 3659 5574 ῃνοειημζῐιοζζθιξξίίτ

2157 5550 3375 5642 ῑὲὶῖἦίῖεὶζἐξ)ιίἒῖἓόὲῖΐὸῖἠίὲῖἕὲἰΓῦῶὶῖῖέῑ
3385 5550 3524 5642 illud?
3551 5550 3656 5642 Qui}!

2160 5645 2272 5718 ipse
2309 5629 2644 5716 omnipotens
2670 5629 2932 5702 Dominus
2975 5629 3220 5702 nostr'bm
3261 5643 3336 5700 sui
3362 5637 3502 5712 gratia
3527 5629 3656 5687 rule!!!

531 4718 3668 4766 mw

539 5594 553 5623 ι
589 5600 668 5641 tus.
697 5593 1030 5658 Metlardensis,
1052 5595 1131 5646 hic
1150 5601 1200 5647 et
1224 5593 1360 5657 infra,
1400 5594 1573 5658 fratrea
1607 5591 1880 5645 charissimi
1899 5605 1916 5651 ;
1963 5593 2052 5645 sed

475 5663 572 5706 non
589 5662 885 5707 constanter.
1409 5662 1411 5664 ’
