3804 6358
440 312 537 368 991

441 428 710 485 derisione
739 426 924 496 dignos
948 423 1224 496 clamabo;
1262 430 1462 496 et_cnm
1491 419 1701 496 irrucrit
1731 433 1891 486 super
1920 433 2015 472 vos

443 502 532 555 illa
584 489 856 568 repentina
909 495 1201 568 calamitas,
1251 491 1585 568 subsannabo,
1641 489 1690 568 id
1734 499 1840 550 est,
1876 502 2012 568 cum

446 585 624 622 amara
645 560 802 620 'mors
829 581 922 619 vos
965 563 1327 622 momorderit,
1362 570 1558 614 :eterna
1602 560 2017 616 subsannatione

445 640 633 705 dignos
657 637 940 690 damnabo.
969 634 1127 698 Audi,
1157 642 1210 686 tu
1255 642 1540 705 peccator,_
1561 630 1850 705 terribilem
1888 644 2014 682 sen-

447 700 688 770 tentiam,
719 721 876 774 quam
901 706 944 758 si
975 704 1317 769 intelliget-cs,
1360 703 1472 774 sine
1510 700 2018 774 dttbio_cxpavescc-

447 792 553 830 res.
584 769 686 831 Sed
735 769 1031 848 Scripturas
1073 788 1250 848 sacras
1301 772 1628 840 negligenter
1675 769 1827 837 legis,
1869 777 2018 848 actus

448 847 570 899 vita:
602 857 724 905 tua},
755 846 890 897 mala
936 859 1054 910 qua:
1086 842 1234 908 facis,
1284 851 1496 918 peccata
1540 854 1664 918 quin.
1707 842 2014 918 committis,

447 918 582 969 facta
613 923 666 969 et
694 916 831 968 dicta
857 921 912 966 et
940 909 1098 980 opera
1132 921 1216 965 tua
1250 911 1386 964 mala
1424 926 1530 962 non
1556 909 1823 980 sapienter
1850 909 2012 974 respi-

447 987 557 1048 cis;
600 985 754 1037 velox
783 983 848 1036 ad
891 978 1148 1046 mensam,
1179 981 1358 1034 tardus
1388 981 1451 1032 ad
1483 978 1760 1032 ecclesiam
1786 995 1800 1041 ;
1834 987 2020 1048 potens

449 1054 511 1106 ad
536 1046 844 1121 potandum,
874 1052 965 1105 sed
1008 1068 1149 1122 inger
1178 1051 1240 1103 ad
1270 1049 1614 1122 psallendum
1636 1063 1670 1122 ;_
1695 1047 1912 1122 pervigil
1953 1046 2020 1100 ad

449 1118 671 1183 fabulas.
699 1118 1156 1176 sonmolentus'ad
1179 1120 1415 1188 vigilias;
1448 1119 1675 1187 procax‘
1705 1118 1770 1170 ad
1800 1118 2019 1185 loquen-

448 1193 592 1258 dum,
637 1193 730 1246 sed
779 1192 955 1244 tardus
985 1201 1036 1242 et
1072 1199 1246 1244 mutus
1269 1189 1335 1262 ad
1375 1189 1708 1262 canendum:
1744 1191 2017 1262 ρῄοιηβίυδ

451 1263 518 1313 ad
547 1253 676 1312 iram
705 1271 757 1312 et
809 1261 1186 1311 detractionem
1205 1295 1220 1319 ,
1252 1261 1396 1320 piger
1426 1268 1549 1306 vero
1576 1253 1639 1304 ad
1680 1253 1972 1304 oralionem
1997 1267 2011 1315 ;

456 1328 665 1383 invidia:
695 1336 916 1389 amator,
945 1340 1229 1393 pauperum
1259 1323 1452 1377 Christi
1482 1329 1824 1393 persecutor;
1857 1320 2021 1393 festu-

453 1414 568 1452 cam
598 1399 649 1451 in
694 1399 798 1451 alio
825 1391 978 1450 oculo
1021 1391 1330 1462 respiciens,
1373 1391 1719 1447 sed’trabem
1768 1392 1819 1444 in
1867 1391 2022 1462 oculo

453 1477 543 1522 tuo
573 1484 676 1520 non
704 1467 926 1527 videns;
980 1461 1200 1518 aliorum
1233 1463 1366 1516 facta
1398 1463 1778 1522 condemnatis,
1811 1461 1903 1514 sed
1936 1470 2020 1514 tua

452 1554 557 1590 non
584 1537 949 1597 considerans,
980 1550 1076 1588 nec
1098 1533 1370 1587 deserens.
1395 1532 1629 1586 Cazteros
1652 1530 2020 1599 reprehendis,

453 1616 506 1662 te
541 1609 709 1677 ipsum
742 1605 1129 1677 noncorrigis;
1163 1604 1296 1677 alios
1318 1603 1612 1677 vituperas,
1649 1610 1703 1655 et
1741 1609 1792 1655 te
1822 1602 2022 1677 collau-

451 1672 586 1730 das':
614 1677 829 1730 malitia:
854 1672 1116 1738 inventor,
1145 1673 1438 1740 disciplima
1464 1672 1796 1734 destructor;
1820 1672 2023 1726 amicus

449 1747 719 1808 vitiorum,
749 1755 798 1797 et
845 1744 1010 1798 hostis
1039 1745 1309 1796 virtutum.
1357 1743 1481 1796 l-liec
1528 1751 1650 1794 sunt
1680 1759 1797 1810 quae
1849 1742 2022 1794 homi-

455 1831 574 1868 nem
612 1823 898 1876 exeiccant,
928 1822 982 1868 et
1006 1829 1034 1866 a
1065 1815 1171 1866 Deo
1208 1815 1376 1881 ipsum
1418 1819 1703 1880 separant;
1752 1811 1864 1864 hcce
1904 1820 2028 1866 sunt

453 1901 570 1952 quie
615 1885 930 1937 monachum
981 1883 1218 1936 efficiunt
1259 1882 1664 1952 diemoniacum,
1709 1896 2024 1952 conversum

453 1951 693 2007 efficiunt
715 1968 1040 2020 perversum,
1060 1952 1308 2006 clericum
1334 1951 1658 2012 hmreticum,
1680 1951 2024 2005 christianum

456 2023 841 2075 antichristum.
875 2023 971 2089 Qui
997 2023 1136 2076 enim
1164 2021 1484 2075 Christianus
1510 2036 1612 2074 non
1641 2029 1740 2082 est,
1771 2022 2026 2075 antichri-

455 2101 570 2145 stus
610 2101 709 2145 est.
756 2091 871 2145 Non
914 2102 996 2147 est
1023 2092 1361 2155 christianos,
1406 2091 1495 2160 qui
1541 2091 1648 2144 vita
1694 2099 1747 2145 ct
1791 2093 2026 2146 moribus

449 2160 664 2214 Christo
692 2171 771 2214 cst
796 2162 1114 2215 contrarius.
1610 2171 1612 2173 ’

522 2231 657 2294 Heu,
701 2231 841 2284 heu!
905 2231 990 2284 Vir
1032 2231 1274 2301 insipiens
1317 2246 1418 2284 non
1460 2240 1742 2302 cognoscet,
1775 2240 1820 2284 et
1846 2231 2028 2285 stultus

516 2342 532 2371 ι
570 2341 706 2401 Alias,
735 2348 948 2403 paratus.

1892 300 2251 357 APPENDIX.

3569 305 3666 371 892

2122 433 2223 471 non
2250 415 2487 486 intelliget
2526 414 2633 468 [nec
2663 411 2831 486 (Psal.
2866 430 2973 479 xei,
3000 413 3060 486 77)
3089 433 3101 469 :
3133 423 3187 469 et
3223 414 3367 480 ideo,
3392 414 3514 470 sicut
3549 418 3656 483 dicit

2123 488 2262 541 idem
2312 486 2597 552 propheta,
2649 485 2818 540 Simul
2853 485 3095 553 insipiens
3143 494 3189 537 et
3233 486 3416 538 stultus
3465 489 3651 553 peritia",

2123 556 2291 624 (Psnl.
2322 570 2504 617 XLVIII,
2536 552 2644 626 ll).
2688 555 2791 626 Sed
2819 552 3227 626 quze'distantia
3273 563 3356 626 est
3400 552 3524 626 inter
3544 557 3648 617 insi.

2127 629 2355 696 pientem
2383 632 2445 696 et
2465 624 2722 696 stultum?
2759 624 2942 696 Omnis
2969 624 3166 677 stultus
3193 634 3275 678 est
3311 625 3560 696 insipiens.
3587 632 3645 685 ln.

2124 693 2323 764 sipiens
2365 695 2504 748 enim
2548 694 2739 748 dicitur
2775 693 2923 762 quasi
2954 709 3058 747 non
3100 695 3332 763 sapiens.
3377 695 3507 748 Multi
3539 702 3642 756 enim

2127 774 2341 820 manent
2379 766 2466 832 qui
2495 765 2762 832 sapientes
2793 778 2896 817 non
2942 773 3084 827 sunt,
3114 774 3168 818 et
3204 773 3379 818 tamen
3417 765 3544 819 stulti
3565 785 3639 824 non

2127 845 2267 889 sunt.
2301 835 2444 888 Multi
2467 835 2595 902 justi
2626 843 2767 897 sunt,
2798 840 2853 886 et
2890 834 3038 886 multi
3062 834 3191 901 justi
3231 850 3336 887 non
3370 843 3501 900 sunt,
3523 847 3639 892 etta-

2127 920 2248 958 men
2281 905 2441 972 iniqui
2482 921 2585 957 non
2613 913 2758 974 sunt.
2790 903 2877 956 Vis
2905 918 3126 974 noscere
3169 904 3288 974 quis
3329 905 3395 958 sit
3422 904 3636 972 insipiens,

2127 982 2183 1044 et
2209 975 2326 1042 quis
2354 974 2584 1028 stultus?
2623 972 2885 1042 Insipiens
2908 980 3009 1034 est.
3041 973 3130 1044 qui
3175 972 3234 1027 se
3261 988 3292 1026 a
3321 974 3526 1041 paradisi
3547 991 3639 1044 gau-

2127 1043 2229 1097 diis
2257 1044 2589 1113 peregrinum
2619 1057 2738 1096 esse
2770 1058 2878 1113 non
2910 1042 3230 1113 considerat.
3257 1045 3347 1112 qui
3372 1058 3426 1098 se
3461 1042 3641 1100 exsulem

2130 1114 2181 1162 in
2210 1113 2309 1164 hoc
2334 1112 2522 1165 cnsilio
2546 1126 2648 1164 non
2679 1112 2925 1166 attendit.
2958 1112 3163 1166 Stultus
3187 1122 3292 1174 est,
3319 1113 3404 1181 qui
3450 1113 3550 1167 licet
3571 1115 3640 1168 ista

2127 1181 2451 1248 cognoverit,
2486 1181 2696 1235 liberari
2728 1193 2906 1235 tamen
2933 1197 2963 1234 a
2989 1183 3169 1235 mundi
3202 1183 3413 1236 miseria
3455 1198 3535 1250 per
3557 1186 3644 1239 vita:

2129 1250 2374 1321 meritum
2415 1266 2520 1305 non
2547 1251 2787 1306 intendit.
2841 1251 2969 1306 Item
3021 1252 3275 1319 insipiens
3317 1260 3415 1314 est,
3451 1253 3527 1321 qui
3567 1269 3642 1308 non

2128 1318 2295 1392 credit
2323 1319 2494 1392 futura
2526 1322 2780 1390 supplicia
2822 1318 3168 1390 reproborum
3201 1337 3319 1375 esse
3344 1318 3587 1392 perpetua,
3609 1335 3644 1378 et

2128 1389 2316 1461 gaudia
2343 1391 2607 1458 justorum
2630 1389 2830 1444 aeterna
2856 1389 3095 1446 :’stultus
3133 1400 3310 1445 autem
3337 1389 3539 1461 estfqui
3560 1395 3646 1448 licet

2127 1459 2326 1530 credat,
2358 1470 2532 1513 tamen
2562 1469 2617 1513 ut
2649 1469 2870 1515 mortem
2916 1470 3226 1529 perpetuam
3246 1459 3647 1530 'evadat,_etglo-

2129 1529 2261 1581 riam
2309 1539 2562 1584 aeternam
2611 1539 2758 1584 caste
2819 1531 3048 1585 vivendo
3105 1531 3295 1599 pieque
3343 1529 3650 1586 comet-sancio

2128 1599 2386 1669 acquirat,
2417 1615 2522 1654 non
2551 1600 2796 1654 intendit.
2831 1600 2981 1654 Justo
3011 1601 3173 1669 igitur
3203 1602 3298 1655 Dei
3323 1601 3510 1668 judicio
3537 1604 3653 1655 simul

2131 1667 2374 1737 insipiens
2401 1680 2446 1723 et
2474 1671 2656 1723 stultus
2685 1670 2934 1738 peribunt.
2961 1667 3113 1736 Quod
3159 1667 3334 1724 tamen
3379 1686 3473 1724 non
3517 1670 3653 1734 ﬁeret.

2130 1739 2172 1809 si
2203 1749 2433 1809 saperent
2469 1749 2519 1792 et
2567 1741 2921 1809 intelligerent,
2948 1757 3008 1794 ac
3051 1741 3324 1794 novissima
3369 1741 3657 1807 providerent.

2130 1808 2288 1874 Ecce,
2311 1808 2470 1880 frater
2495 1811 2590 1876 mi,
2605 1811 2712 1878 jam
2733 1808 2930 1880 legisti,
2952 1811 3059 1879 jam
3085 1810 3265 1863 vidisti
3285 1812 3335 1864 in
3359 1812 3448 1864 hoc
3472 1813 3666 1878 speculo

2132 1879 2445 1950 peccatoris,
2473 1881 2597 1948 quid
2627 1879 2822 1950 sapias,
2849 1882 2974 1949 quid
3005 1880 3296 1950 intelligas,
3323 1881 3562 1949 quomodo
3583 1895 3668 1934 uo-

2134 1948 2343 2000 vissima
2376 1948 2950 2020 provideredebeas;
3001 1948 3247 2020 sopore—st
3291 1948 3443 2020 igitur
3477 1959 3526 2003 ut
3566 1949 3680 2004 dili-

2130 2027 2316 2085 genter
2357 2018 2550 2084 discas,
2585 2029 2638 2073 et
2665 2019 2716 2071 in
2743 2019 2906 2073 corde
2951 2018 3152 2084 firmes,
3180 2031 3239 2075 ut
3276 2018 3400 2074 sane
3429 2021 3599 2087 sapias,
3619 2030 3666 2073 et

2135 2096 2280 2140 recte
2307 2087 2601 2158 intelligas,
2629 2089 2898 2156 quomodo
2947 2091 3234 2144 novissima
3283 2097 3369 2143 tua
3416 2089 3666 2158 prudenter

2132 2157 2432 2224 provideas,
2456 2168 2511 2211 ut
2537 2174 2628 2227 per
2655 2159 2767 2212 haec
2787 2167 3040 2212 mternam
3071 2157 3459 2214 damnationem
3480 2158 3656 2221 evadas,

2132 2234 2328 2280 etcum
2363 2227 2585 2281 Domino
2619 2240 2801 2283 nostro
2842 2228 2967 2283 Jesu
2994 2229 3208 2284 Christo
3248 2230 3410 2284 vitam
3449 2238 3658 2283 aeternam

2134 2294 2425 2363 possideas.
2484 2301 2676 2352 Amen.

915 2531 1154 2642 DE
1229 2528 2033 2642 TRIPLICI

2130 2531 3251 2650 IABITACULO

1634 2696 2109 2802 LIBER
2177 2699 2611 2821 UNUS,

1361 2875 1678 2938 INCERTI
1723 2876 2134 2952 AUCTORIS,
2169 2879 2320 2942 NEC
2367 2881 2796 2946 INERUDITI.

1835 3009 2306 3064 wasMbeo-

523 3097 749 3171 CAPUT
808 3098 1117 3171 PRlMUM._
1153 3097 1238 3171 De
1280 3101 1436 3171 tribus
1491 3101 1823 3167 habitaculis,
1873 3119 2025 3171 regno

451 3169 568 3229 Dei,
597 3169 800 3234 muna‘o‘,
830 3170 1043 3237 inferno.
1080 3167 1240 3238 Regni
1270 3169 1360 3222 Dei
1398 3171 1546 3232 bona,
1577 3180 1623 3224 et
1653 3172 1840 3293 in{erni
1869 3167 2024 3226 mola.

452 3238 577 3292 Tria
621 3248 749 3293 sunt
804 3241 904 3293 sub
941 3239 1319 3293 omnipotentis
1365 3240 1458 3293 Dei
1503 3255 1659 3293 manu
1725 3241 2023 3293 labitacula.

452 3238 577 3292 Tria
621 3248 749 3294 sunt
804 3241 904 3294 sub
941 3239 1319 3306 omnipotentis
1365 3240 1458 3294 Dei
1503 3255 1659 3293 manu
1708 3238 2023 3306 habitacula,

453 3309 702 3379 primum,
728 3309 912 3373 imum,
938 3309 1166 3361 medium
1196 3326 1208 3361 :
1241 3324 1464 3376 quorum
1493 3325 1780 3376 summum,
1805 3321 2025 3379 regnum

457 3377 550 3430 Dei
582 3377 661 3430 vel
689 3394 908 3447 regnum
931 3379 1185 3432 cmlornm
1210 3379 1438 3442 dicitur;
1487 3380 1669 3442 imum,
1705 3377 1919 3434 vocatur
1950 3382 2029 3433 in-

453 3447 672 3512 fernus;
714 3449 982 3517 medium,
1017 3449 1242 3502 mundus
1287 3463 1525 3517 pricsens
1567 3451 1648 3502 vel
1677 3450 1821 3502 orbis
1854 3459 2026 3503 terra-

456 3533 573 3568 rum
603 3519 918 3584 appellatur.
956 3516 1190 3581 Quorum
1231 3516 1466 3571 extrema
1495 3520 1713 3572 omnino
1750 3520 1849 3571 sibi
1891 3521 2026 3574 invi-

456 3601 572 3658 cem
604 3594 728 3658 sunt
751 3587 1035 3658 contraria,
1065 3596 1117 3641 ct
1146 3587 1286 3639 nulla
1313 3588 1412 3658 sibi
1443 3588 1696 3642 societate
1725 3589 2023 3658 conjuncta.

458 3655 586 3726 Quae
611 3655 751 3726 enim
774 3657 1025 3726 societas”
1049 3664 1220 3726 potest
1255 3670 1373 3709 esse
1403 3657 1534 3710 lucis
1575 3658 1639 3710 ad
1682 3655 1949 3726 tenebras,
1975 3669 2028 3714 et

454 3723 648 3776 Christi
674 3723 740 3777 ad
769 3725 932 3778 Belial
963 3725 1256 3805 (l|_Cor._v1,
1278 3726 1353 3805 '14
1371 3735 1416 3779 et
1447 3726 1568 3850 152?
1599 3727 1824 3782 Medium
1852 3723 2025 3783 autem

459 3792 764 3847 nonnullam
816 3793 977 3848 habet
1020 3795 1415 3848 snmhtudinem
1460 3813 1485 3847 a
1569 3806 1828 3850 extrema.
1878 3798 2025 3850 Unde

459 3792 764 3847 nonnullam
816 3793 977 3848 habet
1020 3795 1415 3848 similitudinem
1460 3792 1524 3850 ad
1569 3806 1828 3851 extrema.
1878 3798 2028 3854 Unde

459 3861 646 3932 lucem,
669 3871 722 3914 et
749 3863 996 3916 tenebras
1027 3863 1203 3928 habet,
1237 3863 1401 3932 frigus
1429 3874 1484 3919 et
1509 3867 1764 3932 calorem,
1789 3868 2027 3923 dolorem

455 3939 509 3982 et
539 3931 839 3996 sanitatem,
870 3933 1103 3986 lastitiam
1135 3942 1187 3986 et
1227 3931 1533 4000 manerem,
1575 3931 1757 3991 odium
1793 3947 1846 3990 et
1874 3954 2024 3993 amo-

455 4015 592 4065 rem,
616 4000 783 4054 bonos
811 4010 865 4056 et
905 4004 1298 4074 malos,_justos
1329 4013 1384 4058 ct
1421 4005 1664 4074 injustos,
1689 4006 1932 4062 dominos
1975 4017 2029 4063 et

456 4083 666 4136 servos,
697 4085 916 4139 regnum
947 4081 1002 4126 et
1043 4072 1446 4141 subjectionem,
1475 4072 1682 4129 famem
1727 4085 1782 4130 et
1809 4078 2026 4130 satieta-

456 4148 584 4204 tem,
608 4148 833 4214 mortetn
861 4150 915 4196 et
938 4142 1119 4207 vitam,
1139 4151 1194 4198 et
1218 4144 1490 4199 innumera
1520 4144 1674 4214 hujus
1700 4147 1862 4201 modi.
1886 4149 2027 4214 Quo-

454 4223 572 4260 rum
611 4210 1013 4286 omnium‘pars
1052 4228 1154 4286 una
1199 4214 1478 4286 imaginem
1523 4210 1682 4270 habet
1719 4218 1866 4286 regni
1898 4210 2022 4282 Dei,

455 4292 580 4355 pars
605 4279 770 4355 altera
799 4280 1012 4355 inferni.
1047 4279 1366 4355 Commixtio
1407 4299 1636 4355 namque
1663 4279 1921 4341 malorum
1950 4279 2025 4341 si;

455 4348 566 4428 {nul
595 4348 936 4428 abonorum
964 4353 1016 4406 in
1057 4352 1395 4428 hoc_mundo
1419 4363 1499 4428 est
1517 4372 1531 4420 ;
1549 4348 1612 4428 fin
1640 4371 1804 4428 regno
1822 4427 1828 4428 ί
1847 4367 2023 4428 autem

458 4416 715 4497 Deinnulli
746 4421 888 4497 _mali
913 4432 1067 4497 _sunt,
1097 4423 1190 4477 sed
1213 4438 1400 4497 omnes
1442 4416 1596 4490 boni;
1637 4416 1784 4497 at'vin
1819 4427 2026 4482 inferno

457 4487 595 4563 nulli
634 4488 807 4563 boni,
835 4491 928 4545 sed
969 4507 1154 4563 omnes
1195 4495 1352 4559 mali;
1395 4503 1449 4549 et
1496 4487 1719 4563 uterque
1771 4496 1920 4550 locus
1960 4513 2026 4552 ex

454 4556 632 4634 medio
660 4560 951 4634 suppletur.
984 4561 1268 4634 Hominum
1297 4556 1438 4634 enim
1484 4556 1646 4634 hujus
1681 4567 1895 4631 mundi,
1935 4567 2026 4620 alii

454 4628 731 4680 elevantur
756 4628 822 4681 ad
849 4629 1064 4692 coalum,
1091 4630 1179 4682 alii
1221 4631 1500 4685 trahuntur
1524 4628 1592 4686 ad
1623 4628 1906 4689 infernum.
1938 4636 2025 4691 Si-

457 4694 611 4748 miles
635 4696 1117 4772 q_uippe_siinilibus
1137 4699 1447 4772 junguntur,
1473 4702 1524 4772 id
1553 4713 1653 4768 est,
1689 4705 1812 4758 boni
1849 4706 2021 4772 bonis,

452 4772 507 4843 et
555 4766 679 4818 mali
735 4765 955 4843 malis;_
979 4766 1111 4843 justi
1142 4765 1408 4825 homines
1463 4765 1646 4843 justis’
1670 4775 1918 4843 Angelis,
1971 4765 2027 4831 et

458 4841 879 4914 transgressores
941 4835 1194 4914 homines.
1241 4835 1720 4914 t‘ransgréssoribus
1756 4835 2022 4914 'angelis;

455 4903 594 4956 servi
633 4904 725 4957 Dei
767 4905 898 4972 Deo,
926 4907 1063 4959 servi
1094 4907 1290 4961 diaboli
1327 4903 1580 4963 diabolo:
1624 4903 1886 4968 benedicti
1929 4903 2026 4968 vol

453 4982 646 5058 canitur.
667 4974 732 5058 ad
777 4989 1012 5058 regn‘um‘
1037 4976 1137 5058 sibi
1186 4987 1425 5058 paratum
1468 4980 1533 5034 ab
1575 4982 1778 5058 origine
1815 4985 2019 5049 mundi,

457 5041 728 5122 maledicti
751 5041 1084 5122 expelluntur
1109 5047 1160 5122 in
1186 5041 1360 5122 ignem
1391 5041 1686 5122 teternuni:
1693 5053 1781 5120 qui
1808 5041 2020 5122 paratus

451 5117 542 5193 cst,
557 5109 767 5193 diabolo
786 5109 840 5168 ei.
865 5114 1065 5193 angelis
1091 5109 1434 5193 ejus'ﬂlauft.
1450 5135 1599 5193 __xxv,
1613 5109 1682 5174 54
1701 5109 1747 5193 é;
1759 5109 1876 5193 Μ).

524 5179 601 5261 _(a)
630 5181 772 5261 Bona
800 5179 978 5238 autem
1003 5179 1150 5254 regni
1179 5179 1411 5261 caelestis
1431 5179 1628 5256 dicere,
1657 5192 1737 5246 vel
1760 5179 2014 5261 cogitare,

452 5250 872 5327 vcl_intelligere
903 5263 957 5327 ut
981 5250 1124 5321 sun't,
1158 5257 1335 5310 nullus
1363 5267 1540 5327 potest
1562 5250 1722 5316 carne
1762 5250 2021 5318 vestitus}

451 5319 618 5402 multo
639 5319 779 5402 enim
816 5324 1018 5402 majora
1046 5319 1343 5402 et’n‘ieliora
1363 5319 1507 5395 sunt,
1541 5345 1698 5402 quam
1727 5334 2024 5402 cogitantur

451 5398 506 5469 et
524 5392 924 5470 intelliguntur;
965 5395 1103 5470 unde
1128 5396 1378 5470 scriptum
1418 5392 1517 5464 est,
1545 5392 1685 5469 quod
1713 5392 1885 5457 oculus
1912 5413 2023 5458 non

453 5459 594 5528 uidit,
623 5459 721 5516 neci
739 5466 876 5519 auris
913 5459 1128 5534 audivit,
1158 5459 1249 5520 ncc-
1288 5469 1340 5521 in
1386 5485 1474 5523 cor
1506 5459 1733 5524 nominis
1775 5474 2018 5536 ascendit,

449 5613 797 5739 ‘ugtlilgadem
818 5621 1058 5674 habentur
1080 5621 1161 5674 lib.
1182 5622 1245 5674 de
1270 5624 1407 5687 Dilig.
1427 5633 1542 5687 Deo,
1563 5639 1668 5689 cap.
1694 5626 1770 5690 l8,
1796 5626 1908 5678 hinc
1928 5629 2017 5680 dc-

2133 3124 2245 3182 guw
2289 3111 2592 3178 prwparnvit
2632 3110 2770 3182 Deus
2818 3112 3138 3182 diligentibus
3183 3130 3236 3169 se
3282 3115 3336 3182 (l
3375 3115 3490 3170 Cor.
3539 3132 3594 3180 ll,
3628 3115 3696 3180 9i.

2134 3177 2645 3254 Regnuurnamque
2688 3181 2780 3254 Dei
2807 3177 2952 3254 omni
2993 3183 3129 3237 fama
3167 3177 3354 3254 majus,
3384 3188 3526 3240 omni
3559 3177 3704 3241 laude

2132 3249 2342 3313 melius,
2374 3250 2518 3303 omni
2563 3250 2780 3325 scientia
2805 3249 3292 3325 _innumcrabilius,
3323 3249 3462 3309 Omni
3513 3257 3704 3325 gloria,

2131 3333 2248 3385 qua:
2277 3326 2506 3386 putatur,
2536 3320 2904 3376 excellentius.
2933 3323 3062 3376 Mala
3095 3325 3256 3379 etiam
3301 3326 3483 3380 inferni
3517 3320 3713 3379 dicere

2131 3388 2212 3441 vel
2260 3389 2515 3463 cogitare,
2547 3401 2609 3442 ut.
2655 3400 2798 3463 sunt,
2845 3408 3014 3463 nemo
3044 3403 3260 3461 potest:
3292 3396 3457 3463 pejora
3505 3396 3717 3463 quippe

2132 3466 2255 3509 sunt
2285 3457 2436 3534 valde
2473 3474 2629 3534 quam
2655 3457 3243 3534 cogitantursﬂ'egnum
3271 3457 3432 3534 itaque
3461 3457 3566 3517 Dei
3600 3457 3716 3533 pte-

2131 3542 2263 3602 nuin
2295 3537 2376 3582 est
2403 3527 2554 3602 lueis,
2588 3538 2641 3583 et
2668 3527 2830 3602 pacis,
2861 3542 2916 3586 et
2953 3527 3244 3595 charitatis.
3276 3544 3327 3590 et
3353 3527 3642 3602 sapientia:
3665 3545 3715 3589 et

2130 3597 2336 3670 gloria},
2368 3606 2422 3652 et
2451 3597 2762 3670 honestatis,
2792 3611 2845 3654 et
2887 3602 3197 3670 dulcedinis,
3225 3614 3281 3659 et
3308 3597 3638 3667 dilectionis,
3669 3615 3717 3658 et

2131 3667 2399 3744 melodia},
2425 3668 2730 3744 ct_l:r.t_i_ti:e,
2760 3681 2815 3725 et
2832 3667 3192 3744 beatitudinis
3208 3675 3482 3744 perennis,
3509 3685 3568 3727 et
3605 3690 3716 3726 otti-

2132 3737 2214 3814 nis
2237 3737 2364 3814 boni
2389 3737 2686 3814 ineffabilis,
2701 3743 2844 3814 quod
2875 3757 2973 3797 nec
2999 3743 3101 3798 dici
3149 3737 3246 3798 nec
3272 3737 3497 3814 cogitari
3519 3754 3711 3813 potest.

2131 3807 2198 3878 At
2227 3808 2406 3878 locus
2431 3808 2620 3862 inferni
2665 3807 2852 3875 plenus
2896 3823 2977 3867 est
3018 3807 3710 3878 tenebrarunLdis-c'ordiir,

2131 3876 2268 3952 odii,
2306 3877 2591 3952 _stu_ltiti::t_e,_
2621 3881 2878 3952 miserias,
2917 3884 3276 3952 turpitudinis,
3320 3876 3710 3948 amaritudinis,

2131 3945 2467 4022 oll'ensionis,
2495 3945 3118 4022 Adoloris,4adnstion-is‘,
3165 3945 3302 4019 sitis,
3351 3956 3528 4018 famis,
3583 3945 3712 4022 ignis

2132 4016 2596 4091 incistinguibilis,
2627 4020 2870 4088 tristitize,
2893 4016 3140 4086 vindicta:
3161 4016 3430 4091 perennis,
3455 4016 3522 4077 et
3539 4016 3710 4076 omnis

2132 4086 2428 4164 iiiell‘abilis
2455 4089 2778 4164 mali,_qno_d
2805 4086 2904 4164 nec
2955 4092 3059 4147 dici
3101 4086 3202 4148 nec
3240 4086 3462 4164 cogitari
3514 4101 3704 4162 potest.

2130 4154 2284 4232 Cives
2311 4158 2430 4212 caeli
2456 4167 2579 4232 sunt
2607 4154 2737 4226 justi
2764 4159 3008 4216 homines
3033 4170 3089 4216 et
3115 4154 3335 4232 Angeli:
3361 4154 3587 4232 quorum
3620 4176 3702 4214 rex

2131 4236 2214 4298 est
2245 4227 2388 4298 Dctts
2424 4230 2779 4298 omnipotens.
2812 4233 2881 4284 At
2925 4241 3112 4286 contra
3157 4227 3302 4288 ci'ves
3350 4227 3540 4287 inferni
3588 4237 3702 4284 sunt

2131 4296 2665 4372 impii‘homine‘s‘et
2709 4299 3010 4365 daemones,
3063 4318 3290 4372 quorum
3339 4305 3583 4371 princeps
3627 4307 3699 4352 est

2130 4367 2394 4422 diabolus.
2435 4367 2602 4421 Satiat
2638 4369 2812 4436 justos
2850 4372 2983 4426 visio
3023 4367 3624 4426 sanctorum'hominum
3648 4375 3695 4422 et

2129 4437 2474 4509 Angelorum,
2506 4446 2562 4492 et
2598 4454 2759 4506 super
2786 4441 2960 4494 omnia
3007 4442 3171 4509 ipsius
3211 4443 3324 4496 Dei.
3356 4443 3565 4496 Cruciat
3599 4441 3690 4492 im-

2131 4507 2248 4574 pios
2289 4515 2344 4560 et
2381 4517 2686 4576 peccatores
2736 4510 2872 4563 visio
2916 4507 3190 4565 hominum
3232 4511 3594 4567 damnatorum
3640 4515 3687 4558 et

2129 4576 2742 4649 diemon_um,_etsuper
2780 4582 2954 4634 omnia
3007 4581 3172 4649 ipsius
3216 4583 3429 4635 diaboli.
3481 4579 3612 4635 Nihil
3639 4577 3684 4649 in

2131 4661 2294 4719 regno
2324 4646 2792 4719 Dei__desidoratnr
2827 4651 2966 4719 quod
3018 4646 3122 4704 non
3174 4652 3502 4716 inveniatur;
3545 4658 3597 4701 at
3635 4647 3681 4698 in

2132 4716 2340 4788 inferno
2369 4716 2511 4788 nihil
2555 4718 2820 4773 invenitur
2845 4716 2998 4788 'quod
3029 4720 3384 4776 desideratur.
3435 4721 3490 4774 In
3535 4728 3681 4785 regno

2267 4785 2401 4872 nihil
2431 4789 2713 4872 invenitur,
2743 4789 2844 4872 nisi
2879 4785 3024 4871 quod
3071 4792 3262 4872 placet,
3294 4799 3350 4846 et
3373 4791 3680 4872 ρεὶεςιῇινξί

2129 4857 2318 4920 satiat;
2351 4865 2405 4911 at
2446 4866 2629 4912 contra
2666 4860 2719 4912 in
2755 4860 2872 4914 lacu
2902 4857 3136 4915 miseria.-
3167 4862 3415 4920 perennis
3453 4857 3572 4914 nihil
3605 4857 3674 4906 vi-

2128 4925 2560 5002 detur,nilii_lque
2588 4931 2832 5002 sentitur,
2857 4930 2957 5002 nisi
2984 4931 3124 5002 quod
3147 4921 3412 4999 displicet,
3430 4930 3523 4985 nisi
3550 4921 3670 5002 quod

2129 4995 2368 5072 offendit,
2399 4995 2494 5051 nisi
2542 4998 2682 5067 quod
2716 5000 2946 5072 cruciat.
2990 4995 3063 5072 (α)
3089 5000 3143 5055 In
3187 4995 3353 5072 regno
3379 5011 3566 5072 :eterno
3588 4995 3674 5050 erit

2129 5066 2232 5119 vita
2259 5067 2374 5120 sine
2400 5066 2589 5134 morte,
2621 5069 2814 5123 veritas
2834 5071 2948 5123 sine
2968 5066 3171 5134 errore,
3196 5066 3420 5126 felicitas
3443 5070 3547 5125 sine
3573 5079 3670 5134 per-

2131 5136 2452 5210 turbatione.
2473 5137 2642 5193 Omne
2686 5139 2880 5193 bonum
2927 5140 2980 5193 in
3029 5156 3192 5210 regno
3240 5141 3334 5194 Dei
3380 5139 3666 5210 abundanel

2129 5206 2328 5280 nullum
2353 5207 2577 5280 malum;
2607 5224 2764 5264 omne
2789 5210 2982 5280 malum
3007 5210 3060 5264 in
3081 5206 3298 5266 carcere
3321 5210 3510 5265 diaboli
3531 5209 3664 5280 abun:

2127 5275 2237 5341 dat,
2255 5287 2323 5350 et
2350 5278 2550 5331 nullum
2575 5280 2807 5350 bonum.
2838 5279 3024 5335 Nullus
3054 5280 3303 5350 indiguus
3329 5281 3382 5334 in
3422 5292 3571 5350 regno
3591 5275 3662 5350 Dei

2128 5347 2462 5420 suscipitur;
2492 5348 2673 5420 nullus
2698 5365 2825 5405 vero
2854 5351 3063 5420 dignus,
3095 5345 3273 5406 nullus
3308 5345 3572 5420 justus'ad
3594 5345 3656 5397 in-

2129 5416 2333 5470 fernum
2367 5417 2613 5471 trahitur.

2191 5509 2215 5572 ‘_
2245 5513 2325 5572 Ms.
2354 5510 2640 5572 Victorinus,
2663 5510 2844 5572 fetoris.

2194 5567 2262 5643 (ιθ)
2300 5578 2406 5643 [nec
2426 5567 2674 5643 verba,
2696 5584 2842 5643 regno
2863 5578 3059 5643 (eterna,
3087 5579 3204 5630 etc.,
3223 5568 3664 5643 usqueadverbulm,

2129 5629 2498 5755 paestiggationc,
2516 5629 2852 5684 desiderantur
2869 5636 2918 5684 in
2927 5629 3054 5698 tus-3.;
3071 5629 3452 5697 sunt'Augitstin.
