3804 6358
34 88 73 125 /;

34 138 91 223 ἓ

164 199 247 255 937

167 326 295 370 tutum
331 309 476 363 enim
507 314 640 363 sunt
666 308 721 362 in
748 308 878 371 Deo,
909 315 961 362 et
987 320 1092 361 non
1134 306 1303 362 solum
1340 307 1458 364 haec
1492 310 1629 365 inter
1655 326 1715 366 se

170 383 321 437 eadem
357 389 481 433 sunt
533 380 589 432 in
638 379 786 443 Deo,
829 376 917 448 sed
953 391 1058 432 non
1089 377 1230 431 aliud
1258 390 1380 432 sunt
1406 394 1560 448 quam
1601 382 1712 448 ipse

175 452 315 507 Deus:
344 458 392 504 et
416 449 698 518 quomodo
721 447 942 502 mundus
972 449 1160 501 eratin
1190 449 1321 511 Deo,
1351 447 1637 517 antequam
1658 452 1709 505 in

174 534 223 577 se
245 524 334 589 ipso
370 528 536 583 esset,
572 534 683 573 non
711 518 969 581 mundus,
1010 518 1103 571 sed
1128 518 1274 589 Deus
1308 534 1321 569 :
1355 528 1407 573 et
1446 522 1712 588 quomodo

175 588 332 659 ubujue
356 597 495 641 totus
524 589 647 643 sine
679 589 815 653 loco,
844 603 1064 659 magnus
1094 588 1210 641 sine
1250 590 1541 656 quantitate
1561 630 1576 654 ,
1610 590 1709 643 bo-

170 656 375 713 nus'sine
394 659 652 726 qualitate
678 677 690 712 :
724 667 777 711 et
796 656 1062 727 quomodo
1090 659 1267 727 omnia
1298 667 1536 724 penetrat
1557 675 1711 713 inun-

170 728 220 783 da
240 739 287 783 et
325 728 591 781 immunda
624 728 741 781 sine
767 726 845 780 sui
878 727 1185 796 pollutione.
1216 726 1271 780 Si
1301 730 1441 781 enim
1481 729 1570 783 lux
1610 730 1707 785 ista

169 798 353 853 visibilis
371 800 545 851 omnia
575 799 690 852 loca
712 797 962 861 illustrat,
992 807 1045 851 et
1066 797 1395 865 sterquilinia
1425 799 1582 852 etiam
1612 815 1707 866 pe-

176 877 317 923 netrat
340 867 445 922 sine
475 868 664 931 fetore,
691 877 743 921 et
769 867 884 920 sine
905 867 985 920 sui
1014 867 1335 934 pollutione;
1373 876 1568 935 quanto
1591 884 1705 921 nta-

172 940 235 1007 gis
260 940 409 998 Deus,
449 938 651 1006 quiest
688 936 966 1007 invisibilis
1004 945 1058 989 et
1103 935 1546 1007 incommutabilis
1584 937 1702 1002 lux,

173 1006 312 1060 Omnia
342 1015 607 1075 penetrat,
638 1007 804 1075 regit,
836 1006 1080 1070 sustinet,
1107 1006 1419 1069 circumdat,
1452 1008 1701 1074 illustrat,

168 1078 256 1131 sine
279 1077 372 1131 ulla
403 1077 692 1129 mutatione
719 1075 801 1129 vel
838 1075 1128 1144 pollutione
1148 1116 1162 1139 ,
1195 1090 1301 1128 non
1329 1076 1502 1130 solum
1539 1079 1703 1131 coale-

166 1149 229 1200 stia
264 1155 313 1200 et
340 1147 627 1210 terrestria,
660 1144 751 1198 sed
782 1146 942 1198 etiam
974 1145 1288 1198 infernalia?

210 1216 353 1270 Tunc
381 1216 480 1269 erit
505 1215 691 1269 electis
718 1215 809 1269 Dei
843 1216 976 1268 trina
1000 1214 1153 1277 visio,
1182 1214 1233 1267 id
1255 1224 1355 1277 est,
1387 1216 1702 1283 corporalis,

168 1301 242 1352 qua
276 1300 495 1353 corpora
540 1293 859 1349 cernentur;
900 1284 1248 1354 quorumdam
1289 1285 1622 1351 splendentia
1650 1294 1707 1340 ut

164 1356 234 1415 sol,
262 1354 609 1425 quorumdam
644 1365 701 1407 ut
726 1354 873 1425 luna,
903 1355 1125 1407 aliorum
1160 1354 1420 1425 utstellae.
1453 1354 1521 1408 Et
1542 1356 1703 1424 spiri-

160 1424 312 1490 tualis,
339 1440 440 1494 qua
476 1424 854 1478 similitudines
887 1439 1172 1492 corporum
1204 1424 1256 1476 in
1298 1425 1484 1492 Spiritu
1515 1434 1567 1479 et
1599 1442 1703 1479 non

1475 197 1685 254 SCALA
1731 199 2064 256 PARADISI.

3302 211 3402 269 998

1826 313 1997 384 fallaci
2026 312 2299 382 phantasia
2332 312 2644 381 iuspicient;
2672 330 2774 384 qua
2810 316 3012 373 visione
3040 316 3199 373 etiam
3230 319 3391 377 hodie

1819 381 2069 455 fruuntur
2096 384 2313 452 spiritus
2334 383 2597 455 justorutn
2637 381 2755 453 post
2796 402 3077 455 corporum
3114 390 3341 444 claustra
3375 410 3390 444 :

1819 462 1873 529 et
1901 454 2035 529 visio
2064 454 2431 529 intellectualis
2452 495 2466 518 ,
2508 469 2609 522 qua
2635 471 2768 529 puro
2795 454 2987 511 mentis
3014 460 3166 513 oculo
3196 460 3249 518 in
3285 461 3396 529 spi-

1819 524 1924 576 ritu
1958 523 2125 577 Deum
2152 523 2428 587 videbunt,
2462 534 2515 577 et
2538 523 2659 577 suas
2686 524 2908 589 animas,
2937 536 2991 582 et
3018 529 3242 584 virtutes
3262 523 3393 585 iuti-

1816 608 1948 655 mas,
1978 604 2030 646 et
2056 593 2295 664 spiritus
2314 593 2600 664 angelieos.
2630 594 2777 649 Tunc
2806 596 3041 664 duplices
3080 600 3187 652 Deo
3216 602 3387 654 acturi

1816 673 1940 737 sunt
1972 664 2189 737 gratias,
2214 662 2458 737 videlicet
2482 678 2577 732 pro
2612 678 2705 717 sua
2726 662 3052 737 liberatione
3078 684 3109 722 a
3137 680 3390 737 perpetua

1813 731 2153 786 damnatione
2174 773 2188 793 ,
2222 742 2275 786 et
2304 747 2397 799 pro
2432 731 2690 786 benorum
2724 734 2973 799 ineffabili
3011 731 3384 793 retributione.

1814 801 1965 856 Tunc
2003 804 2301 855 communis
2338 803 2576 854 omnium
2616 819 2738 857 reus
2767 812 2821 856 ct
2861 805 3025 857 hostis
3062 806 3303 862 diabolus
3334 811 3387 863 in

1812 878 2099 939 conspectu
2125 873 2415 925 electorum
2445 874 2536 925 Dei
2564 872 2916 935 damnabitur,
2941 875 3092 942 cujus
3117 876 3387 935 damnatio

1812 952 1865 1013 et
1892 942 2247 1013 intolerabilis
2266 956 2415 1009 paena
2439 942 2751 1013 delectabile
2776 945 3135 1010 spectaculum
3169 957 3391 1013 praista-

1812 1012 1887 1064 bit
1941 1012 2146 1066 electis.
2209 1012 2355 1065 'l‘unc
2406 1011 2777 1066 ardentissimo
2822 1028 3002 1067 amore
3049 1011 3385 1069 liberatorem

1811 1095 1964 1134 suum
1994 1089 2047 1135 et
2075 1082 2308 1133 omnium
2339 1082 2595 1135 bonorum
2618 1082 2855 1135 datorem
2879 1083 3152 1148 amabunt,
3186 1093 3238 1139 et
3267 1089 3385 1139 sine

1811 1151 1916 1205 line
1954 1159 2009 1205 et
2046 1150 2161 1205 sine
2189 1150 2399 1204 fastidio
2424 1152 2657 1205 clamore
2694 1154 2871 1205 cordis
2899 1153 3189 1206 laudabunt
3218 1155 3383 1209 Deum

1811 1221 2260 1288 omnipotentem,
2293 1220 2576 1289 benignum
2609 1230 2663 1275 et
2704 1222 3136 1276 misericordem:
3168 1225 3249 1275 cui
3283 1224 3352 1276 ho
3374 1242 3390 1252 ·

1810 1306 1911 1414 xor
1935 1299 1988 1343 et
2006 1290 2175 1359 gloria
2196 1299 2252 1345 et
2269 1306 2410 1344 nunc
2433 1300 2484 1345 et
2508 1306 2601 1360 per
2621 1294 2801 1345 omnia
2823 1293 3017 1346 srecula
3042 1292 3372 1367 smculorum.

1862 1375 2005 1414 men.
2934 1378 2937 1381 '

1862 1375 2005 1415 men.
2934 1378 2937 1381 ’

962 1607 1526 1670 ADMONITIO‘JN
1567 1609 1870 1671 LIBRUM
1912 1607 2556 1682 SUBSEQUENTEM.

198 1773 307 1828 Hoc
340 1773 653 1843 epusculum
698 1769 1166 1825 circumferebatur
1206 1769 1363 1823 etiam
1408 1769 1546 1825 inter
1571 1768 1824 1825 Bernardi
1854 1783 2013 1838 opera
2033 1810 2047 1834 ,
2087 1767 2397 1837 inscriptum
2427 1766 2582 1821 Scala
2608 1767 2975 1831 claustratium,
2994 1768 3095 1822 sive
3119 1768 3390 1822 Tractatus

132 1865 194 1917 de
232 1866 377 1917 modo
415 1864 626 1928 orandi;
652 1862 746 1917 sed
772 1878 870 1917 nec
902 1862 1041 1915 illius
1066 1876 1185 1916 esse
1211 1861 1569 1915 Lovanienses
1608 1870 1952 1926 censuerunt,
1982 1870 2035 1913 et
2064 1860 2198 1914 bene
2225 1859 2457 1928 quidem.
2489 1858 2542 1911 In
2570 1858 2754 1913 codice
2790 1860 2929 1913 enim
2963 1860 3058 1914 Ms.
3087 1860 3383 1915 Carthusia:

140 1955 457 2009 Coloniensis
506 1955 705 2025 (sicuti
759 1954 810 2008 in
865 1954 1044 2006 ultima
1092 1954 1324 2007 editione
1373 1953 1627 2008 Bernardi
1681 1961 1920 2007 notatum
1970 1953 2083 2023 est)
2140 1952 2407 2019 praeﬁxum
2447 1952 2605 2006 habet
2638 1954 2913 2019 epistolam
2966 1969 3084 2007 cunt
3134 1954 3233 2007 ista
3270 1954 3388 2022 cpi-

135 2049 348 2115 grapbe
378 2064 390 2097 :
421 2044 629 2115 Epistola
670 2046 863 2098 domini
901 2043 1144 2114 Cuigonis
1177 2042 1544 2099 Cartlrusiensis
1573 2045 1640 2097 ad
1684 2049 1892 2115 fratrem
1933 2041 2223 2096 Cervasium
2283 2042 2344 2095 de
2389 2041 2501 2094 Vita
2553 2043 2955 2111 contemplativa.
2996 2041 3192 2096 Dilecto
3240 2042 3389 2110 fratri

136 2154 239 2189 suo
271 2134 496 2189 Gereasio
518 2135 603 2189 Fr.
634 2135 820 2206 Guigo,
866 2134 1102 2188 delectari
1128 2135 1179 2188 in
1205 2134 1446 2188 Domino.
1478 2136 1664 2189 Amare
1687 2144 1736 2189 te
1766 2152 1829 2189 ea:
1866 2135 2030 2187 debito
2067 2144 2254 2197 teneor,
2283 2134 2400 2203 quia
2431 2134 2567 2201 prior
2594 2146 2670 2186 me
2703 2150 2876 2187 amare
2902 2134 3183 2203 incaepisti;
3217 2143 3264 2187 et
3304 2150 3390 2186 re-

138 2227 355 2280 scribere
387 2225 471 2279 tibi
485 2227 766 2295 compellor,
794 2227 912 2294 quia
942 2225 1121 2278 litteris
1151 2226 1249 2278 tuis
1273 2226 1340 2277 ad
1360 2225 1677 2278 scribendum
1702 2241 1780 2277 me
1801 2225 1941 2294 prius
1970 2225 2207 2276 invitasti.
2241 2222 2485 2288 Quadam
2509 2240 2627 2293 ergo
2651 2240 2763 2293 qum
2786 2225 2849 2276 de
2872 2226 3124 2294 spirituali
3149 2226 3389 2279 exercitio

136 2315 469 2369 claustralium
493 2317 905 2387 excogitaverunt,
941 2315 1275 2368 transmittere
1302 2316 1580 2385 proposui;
1604 2324 1656 2367 ut
1676 2315 1764 2383 qui
1792 2315 1914 2367 talia
1944 2313 2246 2380 experiendo
2280 2314 2487 2383 melius,
2512 2330 2664 2384 quant
2704 2330 2793 2384 ego
2824 2317 3108 2382 tractando,
3140 2316 3387 2377 didicisti,

134 2420 348 2457 mearum
366 2405 530 2475 judex
552 2407 625 2459 sis
668 2406 1027 2474 cogitationum
1066 2413 1113 2459 et
1143 2414 1411 2457 corrector.
1449 2402 1517 2456 Et
1549 2405 1721 2457 merito
1751 2404 1857 2457 lucc
1899 2404 2055 2458 nostri
2090 2402 2276 2456 laboris
2302 2403 2450 2467 initia
2492 2404 2577 2465 tibi
2618 2404 2849 2472 primitus
2888 2404 3062 2471 o/fero,
3106 2416 3156 2457 ut
3182 2406 3391 2459 novella:

140 2496 449 2562 plantationis
480 2497 757 2566 primitivos
782 2497 974 2565 fructus
995 2495 1239 2566 colligas;
1267 2496 1504 2565 quoniam
1529 2496 1591 2549 de
1614 2496 1845 2548 servitute
1871 2493 2174 2559 Pharaonis,
2192 2502 2239 2546 te
2266 2493 2480 2547 delicata
2506 2495 2774 2547 solitudine
2800 2495 3042 2549 laudabili
3066 2498 3200 2565 furto
3227 2498 3390 2550 surri-

145 2586 286 2651 pienti,
313 2586 363 2639 in
386 2587 621 2639 ordinata
655 2595 936 2639 castrorum
967 2587 1073 2639 acie
1107 2584 1363 2638 collocasti
1382 2626 1397 2651 ,
1430 2600 1628 2637 ramum
1665 2587 1728 2637 de
1763 2585 1978 2637 oleastro
2015 2584 2287 2651 artiﬁciose
2324 2583 2544 2641 excisum
2585 2585 2855 2653 prudenter
2889 2586 3110 2639 inserens
3148 2589 3201 2639 in
3227 2588 3383 2640 oliva.

159 2674 264 2730 Tum
290 2678 417 2732 liber
440 2677 627 2748 incipit
655 2693 669 2730 :
703 2676 828 2731 Cum
856 2677 938 2731 die
964 2677 1206 2745 quadam,
1246 2683 1349 2729 etc.
1392 2674 1519 2728 Post
1547 2684 1785 2729 extrema
1814 2685 1990 2727 autem
2020 2674 2182 2729 verba
2215 2674 2300 2728 illa
2321 2715 2336 2740 ,
2367 2691 2540 2744 pacem
2575 2676 2627 2728 in
2656 2676 2897 2745 idipsum,
2925 2678 3001 2731 sic
3024 2677 3157 2730 liber
3181 2678 3389 2731 claudi-

175 2774 269 2819 tur:
308 2766 346 2821 Τ
350 2786 380 2821 tt
404 2785 521 2839 ergo
562 2770 739 2839 frater,
772 2768 842 2821 nti
872 2766 1078 2821 (ἑαυαεί
1097 2808 1111 2832 ,
1143 2766 1186 2821 si
1228 2764 1430 2835 quando
1457 2764 1632 2817 datum
1671 2763 1757 2817 tibi
1787 2764 1938 2833 fuerit
1972 2765 2185 2833 desuper
2216 2764 2569 2832 praedictorum
2608 2767 2859 2834 graduum
2888 2768 3233 2821 celsitudinem
3264 2784 3390 2822 con-

174 2860 385 2925 scendere,
417 2870 669 2916 memento
709 2860 841 2924 mei;
881 2868 928 2912 et
971 2875 1061 2912 ora
1100 2873 1193 2928 pro
1240 2873 1336 2922 me,
1384 2872 1501 2910 cum
1538 2855 1659 2909 bene
1694 2855 1847 2925 fuerit
1884 2855 1971 2908 tibi
1981 2872 2022 2921 ;-
2040 2863 2096 2908 ut
2136 2855 2209 2909 sic
2246 2855 2441 2908 cortina
2480 2857 2727 2909 cortinam
2771 2857 2970 2921 trahat,
3003 2871 3048 2911 et
3089 2859 3174 2927 qui
3217 2859 3387 2924 audit,

871 3122 1513 3270 SCALA
1612 3122 2623 3317 PARADISI,

175 2944 266 3049 ﬁt
282 2986 297 3013 .
344 2948 482 3004 Veni.

1227 3322 1703 3430 LIBER

1798 3320 2239 3428 UNUS.

1422 3501 2066 3556 ﬂio-@KOOD-Iﬁoﬁ

217 3628 430 3685 CAPUT
463 3626 735 3684 PRIMUM.
791 3624 1074 3692 Descriptio
1155 3630 1370 3692 quatuor
1398 3691 1404 3692 γ
1437 3620 1684 3692 grgduum

136 3699 530 3767 genitalium
554 3696 935 3767 spiritualium._
950 3689 1143 3748 Lectio.
1169 3689 1458 3767 Meditatio.
1487 3689 1683 3767 Oratio.

128 3763 509 3840 Quiemplatio.
539 3760 673 3840 Cum
692 3767 779 3840 die
801 3765 1025 3840 quadam
1051 3762 1313 3840 corporali
1344 3775 1590 3840 manuum
1615 3760 1691 3839 la-

122 3833 255 3895 bore
282 3831 569 3910 occupatus
595 3839 663 3894 de
688 3831 974 3910 spiritualis
1004 3833 1235 3910 hominis
1262 3831 1517 3910 exercitio
1540 3831 1686 3897 cogi-

122 3912 245 3979 tare
264 3901 568 3979 coepissem,
599 3901 828 3979 quatuor
846 3902 1150 3979 spirituales
1174 3902 1368 3979 gradus
1398 3901 1575 3979 animo
1600 3914 1691 3979 co-

106 3972 305 4041 gitanti
330 3969 389 4035 ἐξ
415 3969 595 4035 subito
615 3969 941 4039 obtulerunt,
964 3974 1167 4027 scilicet
1183 3969 1367 4032 lectio,
1396 3969 1688 4041 meditatio,

98 4039 293 4103 ὀνειιὶο
319 4059 373 4106 et
399 4048 803 4116 contemplatio.
837 4046 960 4116 “(BQ
988 4051 1072 4098 est
1112 4042 1253 4095 scala
1288 4039 1648 4116 clausit-alium
1675 4078 1690 4103 ,

92 4126 232 4181 qua
256 4120 320 4174 de
348 4130 490 4175 terra
519 4120 572 4172 in
611 4108 803 4172 caelum
833 4115 1195 4175 sublevantur,
1223 4110 1476 4181 gradibus
1502 4108 1691 4181 distin-

86 4179 215 4258 ἐν.
251 4190 452 4257 paucis,
486 4189 762 4242 immensa:
790 4190 1046 4239 tamenet
1076 4179 1402 4258 incredibilis
1430 4179 1694 4258 magnitu-

85 4251 285 4311 dinis.
312 4251 480 4328 Cujus
505 4267 749 4313 extrema
779 4270 902 4324 pars
931 4263 1088 4307 terra:
1117 4251 1295 4328 innixa
1325 4259 1424 4328 est,
1454 4251 1697 4328 superior

86 4343 267 4397 suo
292 4317 455 4383 nubes
485 4335 748 4397 penetrat,
775 4317 829 4379 et
851 4331 1054 4377 secreta
1078 4321 1333 4374 coriorum
1366 4321 1603 4397 rimatur.
1629 4317 1697 4397 lli

116 4396 328 4464 milia
348 4388 499 4453 sicut
518 4393 821 4451 nominibus
846 4403 900 4448 et
934 4405 1175 4464 numero‘
1200 4397 1325 4443 sunt
1366 4388 1593 4464 diversi,
1629 4388 1696 4438 ita

152 4459 329 4521 enim
349 4479 399 4523 et
426 4466 685 4522 munere‘
714 4473 835 4519 Sunt
858 4462 1109 4517 distincti.
1143 4460 1377 4526 Quorum
1408 4459 1699 4527 preprieta-

163 4544 260 4585 ws
277 4545 316 4587 et
333 4538 491 4593 cilicia
516 4536 729 4608 quidem
760 4534 994 4608 singula,
1009 4531 1137 4608 quid
1159 4531 1295 4585 circa
1325 4544 1422 4583 nos
1445 4528 1698 4608 eiliciant,

164 4608 400 4670 quomodo
426 4602 569 4662 inter
597 4620 657 4660 se
682 4605 905 4658 invicem
944 4602 1188 4656 differant
1214 4609 1267 4655 et
1298 4602 1695 4666 prmemiiteant,

157 4669 332 4747 quis
353 4678 631 4747 diligenter
652 4674 891 4747 inspiciat
910 4714 933 4747 ι
959 4670 1211 4747 quidquid
1230 4669 1445 4747 laboris
1471 4675 1561 4747 aut
1586 4675 1699 4718 stu-

154 4737 558 4813 diigimpendverit
596 4747 648 4799 in
674 4737 750 4798 eis
771 4785 785 4808 ,
820 4737 1271 4813 brei'e'repittabit
1306 4747 1359 4792 et
1390 4737 1562 4813 facile,
1593 4750 1704 4813 prre

157 4809 383 4870 utilitatis
401 4827 455 4871 et
471 4815 767 4870 dulcedinis
788 4811 1166 4881 magnitudine.
1200 4810 1295 4881 Est
1320 4819 1494 4881 autem
1525 4809 1700 4881 lectio,

158 4881 330 4955 sedula
358 4887 742 4955 Scripturarum
762 4877 901 4939 'cum'
920 4882 1080 4955 animi
1112 4878 1403 4955 intentione
1426 4877 1702 4955 inspectio.

154 4950 414 5010 leditatio
436 4946 517 5011 est
555 4956 789 5011 studiosa
821 4953 1012 5006 mentis
1041 4952 1199 5011 actio,
1224 4948 1444 5002 occulta:
1474 4946 1708 4998 veritatis

154 5020 385 5093 notitiam
413 5027 571 5080 ductu
610 5025 837 5093 propriae
879 5022 1100 5093 rationis
1144 5020 1499 5093 investigans._
1528 5016 1709 5069 Oratio

156 5098 258 5143 est
282 5092 437 5151 demta
470 5087 677 5150 cordis’
705 5087 929 5147 intentio
955 5093 1004 5144 in
1041 5091 1225 5151 Deum,
1259 5102 1353 5156 pro
1380 5087 1532 5140 malis
1558 5101 1707 5156 amo-

151 5160 418 5233 )‘egdts,et
440 5166 588 5220 bonis
611 5162 982 5233 adipiscendis.
1004 5154 1391 5233 Contemplatio
1409 5154 1710 5233 estmentis

148 5231 214 5305 ir!
246 5225 390 5305 Deum
417 5250 684 5305 suspensae
704 5225 946 5303 quicdam
969 5231 1215 5294 elevatio,
1237 5225 1455 5282 interna:
1479 5225 1714 5305 dulecd‘i-

147 5287 811 5375 nasutissimus,
1201 5287 1212 5294 '
1558 5363 1569 5375 .
1636 5287 1681 5330 ’

229 5363 441 5443 (ἶξΑΡυΤ
469 5363 552 5428 llr
564 5373 845 5442 Descriptio
872 5371 1145 5443 ofﬁciorum
1184 5377 1407 5443 quatuor
1441 5363 1713 5443 graduum.

152 5437 444 5505 Assignatis
494 5460 619 5514 ergo
658 5433 886 5514 quatuor
903 5433 1207 5511 "graduum'
1239 5433 1680 5505 descriptionibus
1701 5474 1715 5499 ,

224 5571 245 5600 ¹
298 5568 425 5632 Alias,
444 5575 621 5625 merito.

220 5632 251 5661 ⁹
293 5630 422 5693 Alias,
441 5637 578 5685 menti
588 5655 617 5683 ί.
1193 5630 1239 5670 ἰδ

1791 3642 2786 3716 r_es_tat_nteorum_ollicia_videantns.
2829 3644 3006 3699 Beatae
3050 3646 3208 3716 igitur
3253 3649 3377 3705 vitae

1793 3710 2130 3781 dulcedinem
2160 3712 2318 3764 lectio
2348 3712 2595 3778 inquirit,
2631 3713 2901 3767 meditatio
2942 3710 3141 3771 invenit
3163 3759 3177 3781 ,
3205 3722 3381 3775 oratio

1796 3780 2061 3852 postulat,
2093 3781 2472 3849 contemplatio
2500 3783 2763 3852 degustat.
2796 3783 2945 3839 Unde
2992 3786 3104 3852 ipse
3128 3788 3384 3843 Dominus

1797 3850 1919 3925 dicit
1939 3850 2230 3925 ,Quwrite,
2260 3850 2631 3925 etAinvenieti's;
2662 3853 2858 3925 pulsate
2886 3864 2934 3908 et
2976 3850 3228 3925 aperietur
3252 3862 3389 3913 vobis

1798 3919 2149 3991 (Matt/rint,
2181 3922 2255 3987 7).
2303 3920 2523 3986 Quterite
2550 3919 2808 3991 legendo,
2840 3934 2887 3977 et
2916 3919 3170 3980 invenietis
3216 3929 3387 3982 medi-

1798 3989 1979 4065 tando.
2000 3988 2209 4065 Pulsate
2223 3992 2443 4065 orando,
2466 4001 2520 4065 et
2532 3988 2783 4065 aperietur
2799 3995 2932 4047 vobis
2951 3997 3381 4065 contemplando.

1798 4058 1979 4113 Lectio
2022 4060 2169 4130 quasi
2218 4060 2444 4130 solidum
2476 4058 2653 4114 cibum
2700 4063 2777 4115 ori
2806 4066 3060 4130 apponit;
3106 4058 3387 4121 meditatio

1799 4130 2043 4201 ntasticat
2067 4138 2120 4201 et
2148 4128 2369 4201 frangit;
2398 4130 2565 4201 oratio
2595 4128 3118 4201 saporetnacquirit;
3144 4147 3388 4189 contem-

1800 4198 1962 4267 platio
1988 4208 2069 4251 est
2096 4200 2206 4265 ipsa
2238 4199 2460 4253 dulcedo
2482 4241 2496 4262 ,
2529 4216 2646 4268 qua:
2668 4202 2925 4267 jucundat
2944 4198 3003 4255 et
3030 4204 3214 4257 reﬁcit.
3250 4205 3386 4258 Lec-

1801 4269 1876 4322 tio
1917 4268 1967 4320 in
2007 4268 2236 4332 cortice,
2266 4268 2538 4322 meditatio
2569 4270 2621 4322 in
2651 4270 2835 4338 adipe,
2864 4272 3033 4324 oratio
3056 4272 3105 4325 in
3136 4274 3387 4327 desiderii

1806 4338 2187 4405 postulatione,
2235 4339 2615 4405 contemplatio
2646 4340 2694 4392 in
2722 4340 2926 4407 adeptae
2952 4341 3248 4395 dulcedinis
3290 4344 3388 4396 de-

1804 4406 2103 4478 lectatione.
2150 4407 2300 4473 Quod
2332 4418 2388 4460 ut
2432 4409 2736 4478 expressius
2784 4406 2950 4463 videri
2995 4412 3189 4478 possit,
3221 4428 3386 4465 unum

1804 4477 1869 4529 de
1916 4477 2092 4529 multis
2139 4491 2430 4544 supponunt
2460 4477 2781 4545 exemplum.
2834 4480 2889 4532 ln
2924 4477 3148 4534 lcetione
3189 4481 3383 4545 audio,

1802 4545 1946 4619 Beati
1974 4546 2337 4619 mundocorde
2355 4589 2369 4611 ,
2398 4549 2631 4619 quoniam
2676 4550 2772 4619 ipsi
2802 4548 2965 4601 Deum
3011 4551 3246 4603 videbunt
3276 4550 3385 4619 (Id.

1804 4633 1867 4680 v,
1901 4614 1976 4687 8).
2011 4617 2145 4689 Ecce
2175 4617 2333 4671 breve
2360 4617 2611 4689 verbum,
2663 4614 2756 4689 sed
2805 4634 2965 4672 suave
3014 4628 3067 4673 et
3115 4614 3390 4689 multiplici

1807 4686 1967 4740 sensu
1998 4686 2247 4739 refertum
2272 4727 2287 4750 ,
2316 4686 2381 4739 ad
2411 4697 2615 4753 pastum
2645 4688 2837 4741 anima:
2863 4690 3011 4755 quasi
3043 4704 3200 4743 uvam
3230 4686 3390 4744 mini-

1809 4756 2028 4827 stravit;
2059 4771 2215 4824 quatn
2244 4757 2733 4827 postquantuanima
2754 4758 3030 4826 diligenter
3060 4759 3383 4827 inspexerit.

1808 4826 1938 4881 dicit
1970 4827 2103 4879 intra
2134 4840 2226 4890 se,
2260 4826 2439 4879 Potest
2482 4825 2680 4894 aliquid
2725 4825 3045 4892 boni’esse,
3095 4825 3277 4882 redibo
3320 4829 3388 4883 ad

1810 4911 1903 4949 cor
1933 4911 2109 4949 meum
2132 4935 2146 4958 ,
2193 4895 2483 4966 ettentabo
2514 4896 2556 4948 si
2589 4894 2723 4950 forte
2754 4897 3047 4966 intelligere
3073 4908 3128 4953 et
3156 4900 3394 4954 invenire

1849 4975 2001 5020 otero
2045 4965 2354 5018 munditiam
2398 4964 2573 5017 hanc:
2608 4967 2835 5033 pretiosa
2866 4964 3005 5020 enim
3038 4979 3092 5021 et
3117 4968 3391 5023 desidera-

1812 4982 2001 5089 Bmero
2045 4982 2354 5018 niunuinant
2398 4982 2573 5017 nanc:
2608 4982 2835 5033 pretiosa
2866 4982 3005 5020 ennn
3038 4982 3092 5021 et
3117 4982 3386 5023 ues‘tuera-

1852 5036 1933 5089 ilis
1978 5043 2075 5105 est,
2106 5050 2192 5089 res
2223 5036 2317 5105 ista
2340 5075 2354 5099 ,
2382 5036 2533 5101 cujus
2561 5050 2900 5105 possessores
2930 5037 3066 5091 beati
3113 5038 3386 5103 dicuntur,

1814 5106 2004 5175 quibus
2031 5104 2166 5160 visio
2209 5103 2329 5175 Dei,
2373 5121 2490 5172 qua:
2516 5103 2599 5159 est
2624 5106 2726 5158 vita
2771 5116 2999 5171 aeterna,
3047 5108 3393 5175 promittitur,

1815 5192 1932 5243 quae
1958 5184 2035 5229 tot
2064 5188 2231 5228 sacra:
2255 5174 2544 5243 Scriptum
2571 5176 2886 5229 testimoniis
2907 5174 3252 5230 collaudatur.
3283 5176 3396 5230 Hoc

1817 5261 1945 5316 ergo
1971 5245 2070 5299 sibi
2110 5244 2320 5316 plenius
2364 5243 2617 5316 esplicari
2664 5245 3005 5311 desiderans,
3050 5246 3231 5314 incipit
3261 5246 3399 5299 hanc

1820 5313 1976 5369 unam
2005 5315 2284 5369 masticare
2308 5322 2362 5366 et
2394 5313 2635 5382 frangere
2654 5354 2669 5378 ,
2702 5330 2924 5382 eamque
2954 5316 3101 5382 quasi
3124 5313 3180 5369 in
3212 5325 3394 5369 torcu-

1820 5386 1915 5439 lari
1946 5384 2123 5453 ponit;
2168 5383 2359 5437 deinde
2402 5384 2883 5453 excitatrationem
2915 5383 2979 5437 ad
3024 5384 3397 5452 inquirendum

1821 5452 1955 5525 quid
1975 5454 2046 5525 sit
2066 5494 2080 5516 ,
2108 5462 2161 5525 ct
2188 5452 2664 5525 quomoduitabcri
2690 5454 2853 5522 possit
2874 5452 2989 5507 haec
3013 5452 3145 5506 adeo
3173 5453 3402 5521 pretiosa

1826 5521 1878 5581 (Ξι
1905 5521 2265 5578 ilosidei'abilis
2294 5521 2567 5575 munditia.

1894 5594 2115 5649 CAPUT
2147 5593 2229 5647 Ill.
2257 5592 2598 5645 Meditationis
2637 5590 2868 5659 ofﬁcium.
2898 5590 3121 5643 Scientia
3140 5591 3190 5643 in
3213 5587 3360 5645 malis
3381 5629 3398 5656 ,
