3804 6358
86 271 224 332 £009

82 387 274 441 etenim
302 397 421 456 quae
453 382 541 439 vel
584 379 974 456 oppositionem
994 377 1081 433 vel
1090 376 1536 456 contrarietatem
1560 374 1647 429 vel

83 448 332 512 accidens
343 448 678 524 suscipiunt;
700 452 837 507 nulla
860 451 1065 505 ratione
1090 450 1197 503 Deo
1222 448 1436 524 proprie
1451 461 1651 524 conje—

14 584 17 591 ξ
82 530 251 584 niunt.
294 518 611 598 Igiturcum
654 518 857 579 ratione
896 518 1242 598 repugnante
1262 519 1392 598 nihil
1435 518 1499 573 de
1540 518 1651 573 Deo

14 600 15 603 “
78 601 289 669 proprie
313 591 481 669 'loqui
528 597 839 669 valeamus,
890 593 1080 647 saltem
1125 591 1413 660 improprie
1458 598 1514 645 et
1558 603 1652 658 per

14 672 21 733 ξ
80 667 350 738 ienigtuata
376 668 444 722 de
474 667 711 738 eoAloqui
738 674 1056 738 satagamus.

26 795 34 803 ,
148 731 369 795 ΩἏΡΗΤ
410 739 496 790 lV.
530 731 679 790 Mens
715 731 899 790 anima:
938 733 1216 803 speculum.
1250 732 1474 788 Scientia
1500 731 1654 803 Aunde

32 852 35 853 ν
81 811 243 865 nobis.
305 808 608 877 Spiritualia
659 808 759 875 ﬁde
817 801 1034 877 attingi,
1082 821 1185 877 non
1225 804 1438 877 ratione.
1485 801 1654 877 Spiri-

87 894 160 935 tus
186 897 274 934 sea:
301 872 460 933 modis
496 881 547 933 in
588 872 857 947 Scriptura
884 872 1088 947 dicitur.
1125 876 1242 947 Aer.
1280 873 1511 947 Yentus._
1542 872 1653 926 Vita

87 954 355 1007 brutorum.
400 951 538 1007 DISC.
582 944 812 1003 Evid’eus
850 946 1063 1017 quidem
1108 946 1246 1000 ratio
1283 944 1441 1017 docet
1487 945 1653 999 Deum

89 1024 329 1077 humanis
354 1022 530 1075 verbis
558 1016 907 1074 inedicibilem
929 1057 944 1082 ,
979 1017 1072 1072 sed
1103 1016 1475 1071 intellectualis
1500 1030 1653 1069 mens

95 1093 347 1148 inhianter
367 1091 631 1145 desiderat
650 1105 771 1144 eum
794 1089 893 1143 sibi
921 1097 1207 1158 utcumque
1234 1087 1347 1141 lieri
1372 1086 1651 1158 cognosci-

101 1166 268 1227 bilem;
306 1178 427 1232 qua:
465 1177 616 1215 mens
655 1162 821 1232 instar
858 1159 1057 1232 speculi
1084 1159 1287 1232 anima:
1328 1158 1569 1232 videtur,
1602 1157 1655 1210 in

26 1234 41 1291 ί
105 1252 189 1305 quo
214 1228 383 1305 ipsain
408 1232 697 1305 imaginem
723 1231 989 1305 Creatoris
1016 1231 1095 1283 sui
1117 1228 1528 1305 contempletur.

22 1304 25 1307 ’
115 1299 127 1305 ’
157 1299 289 1359 tne.
321 1299 577 1358 Uitivers'a
606 1318 723 1370 quce
763 1303 813 1354 in
841 1301 1001 1355 rebus
1027 1301 1219 1355 creatis
1248 1299 1493 1353 novimus
1516 1340 1531 1365 ,
1562 1312 1658 1367 per

98 1390 369 1444 corporeus
392 1388 583 1427 sensus
609 1372 972 1444 cognovimus.
1004 1372 1070 1425 Et
1093 1386 1156 1425 ea
1183 1370 1395 1440 quidem
1418 1384 1538 1444 qua:
1560 1384 1658 1423 nec

40 1502 43 1505 ,
99 1440 198 1500 visu
237 1460 341 1500 nec
388 1444 715 1514 experientia
756 1442 1071 1514 didicimus,
1101 1456 1197 1510 per
1232 1440 1658 1514 comparationes

20 1514 27 1519 ’
96 1519 312 1595 visorum
339 1516 433 1595 _ve_l
461 1511 807 1595 expertorum
835 1513 1115 1595 discimus,
1150 1522 1205 1565 ut
1231 1527 1350 1581 quae
1375 1511 1658 1595 de'bestiis

91 1589 163 1640 vel
187 1587 387 1656 ignotis
414 1581 719 1639 hominibus
748 1584 1005 1656 legimus;
1030 1598 1149 1653 qua:
1178 1591 1354 1637 autem
1385 1581 1539 1656 nobis
1568 1597 1658 1656 pe-

94 1653 228 1712 nitus
242 1658 537 1723 incognita,
568 1671 661 1725 per
689 1655 1113 1724 comparationes
1134 1663 1287 1708 notas
1318 1669 1423 1707 non
1454 1653 1656 1725 signiﬁ-

89 1741 298 1794 cantur,
330 1742 603 1796 nunquam
637 1741 854 1795 prorsus
891 1726 1127 1779 scientiaa
1155 1733 1350 1796 nostrae
1381 1724 1661 1796 notitican-

88 1810 180 1854 tur.
225 1799 297 1854 Et
343 1794 474 1854 ideo
496 1798 615 1867 quia
640 1794 955 1866 ’spiritualia
983 1795 1138 1851 nobis
1170 1805 1292 1850 sunt
1334 1794 1618 1849 invisibilia
1644 1836 1658 1859 ,

84 1880 238 1941 atque
266 1866 547 1941 corporeis
590 1868 835 1923 sensibus
878 1866 1350 1941 incomparabilia,
1392 1880 1663 1941 nunquam

83 1936 237 1995 erunt
264 1936 428 1995 nobis
452 1940 629 2008 aliqua
660 1941 869 1993 ratione
899 1936 1211 2008 probabilia.
1235 1936 1369 2003 Quia
1395 1951 1526 2008 vero
1551 1936 1665 2008 haec

80 2021 291 2066 constat
312 2026 455 2076 esse,
483 2006 579 2066 sed
609 2025 703 2080 per
722 2006 916 2063 similia
944 2008 1157 2064 edoceri
1178 2015 1481 2078 nequeunt,
1504 2006 1663 2061 ﬁdem

76 2091 288 2136 tantum
312 2082 642 2137 credentium
670 2082 903 2151 exigunt.
1122 2150 1129 2151 ί
1470 2091 1476 2095 ‘

148 2154 312 2207 Dtsc.
347 2152 469 2220 Quae
494 2152 631 2222 ratio
656 2149 983 2220 argumentis
1020 2150 1243 2222 probat,
1274 2163 1577 2222 quanquam
1602 2149 1666 2222 in

72 2227 488 2293 comparatione
532 2221 822 2288 deﬁciant,
878 2220 1101 2278 necesse
1154 2231 1237 2276 est
1286 2230 1344 2275 ut
1391 2220 1667 2293 rationalis

67 2290 326 2417 quisque.
353 2294 563 2376 credere
601 2308 711 2348 non
749 2302 941 2375 renuat
977 2312 1005 2376 ε.
1025 2302 1087 2375 tu.
1108 2300 1312 2346 tantum
1339 2291 1517 2361 profer
1541 2290 1669 2362 quid

109 2380 142 2417 e
169 2366 462 2417 sumtibus
486 2364 763 2417 sciendum
788 2366 1044 2417 tthtratto
1074 2373 1276 2417 innuat.

109 2380 142 2419 e
169 2364 462 2434 spiritibus
486 2364 763 2419 sciendum
788 2364 1044 2418 tihiratio
1074 2365 1276 2417 innuat.

144 2432 297 2491 Msa.
335 2435 441 2490 Sex
467 2435 641 2490 modis
666 2434 717 2489 in
743 2435 1032 2505 Scripturis
1058 2435 1277 2504 spiritus
1303 2432 1667 2489 substantiali-

72 2514 155 2560 tcr
176 2506 319 2572 dici,
345 2520 453 2561 non
480 2507 665 2561 nescio
686 2521 717 2559 a
738 2506 889 2561 vobis
911 2506 1055 2561 sciri.
1085 2505 1264 2560 Primo
1290 2519 1532 2559 summus
1554 2520 1669 2559 om-

73 2578 224 2647 nium
272 2577 423 2631 Deus
453 2576 671 2647 spiritus
707 2577 1030 2647 appellatur,
1074 2584 1133 2631 ut
1176 2575 1247 2630 ibi
1290 2593 1303 2629 :
1347 2575 1572 2647 Spiritus
1597 2584 1671 2630 est

72 2646 255 2718 Deus;
289 2656 345 2702 et
366 2649 453 2718 qui
482 2646 697 2718 adorant
723 2646 833 2701 eum
857 2690 873 2714 ,
909 2648 965 2701 in
1002 2648 1185 2718 spiritu
1222 2654 1417 2718 oportet
1457 2646 1672 2700 adorare

74 2717 263 2781 (Joan.
298 2716 397 2783 tv,
426 2719 542 2789 Ἡ).
576 2717 820 2789 Secundo
851 2716 1578 2789 angelispiritusdicuutur,
1604 2725 1673 2789 ut

72 2789 145 2860 i_bi
193 2808 207 2843 :
257 2789 370 2854 Qui
412 2785 535 2860 facit
580 2788 786 2859 angelos
824 2785 943 2843 suos
980 2785 1189 2858 spiritus
1232 2786 1561 2860 (Psalscnt‘,

72 2857 265 2913 Tertio
308 2856 506 2915 animze
545 2856 761 2929 spiritus
804 2856 1177 2929 nuncupantur
1201 2899 1216 2923 ,
1244 2856 1314 2912 ut
1330 2858 1419 2929 ibi
1455 2875 1467 2909 :
1497 2856 1671 2911 Exibit

70 2931 295 3009 spiritus
317 2932 455 3001 ejus,
470 2942 533 3009 _et
561 2926 679 3009 caro
702 2941 970 3009 revertetur
989 2926 1069 3009 iit
1085 2939 1269 3009 terrant
1298 2926 1467 3009 (Psal.
1500 2943 1667 2995 CXLV,

75 3000 154 3071 4).
183 3000 401 3068 Quarto
433 3002 538 3055 vita
566 3001 837 3056 brutorum
859 3001 1164 3056 animalium
1190 3000 1407 3069 spiritus
1430 3009 1669 3071 vocatur,

72 3068 133 3123 ut
176 3072 255 3126 ibi
311 3090 328 3124 :
379 3072 506 3137 Quis
550 3072 641 3127 scit
688 3072 731 3126 si
768 3072 976 3141 spiritus
1011 3068 1360 3142 jumentorum
1404 3068 1674 3142 descendat

73 3142 331 3195 deorsum
359 3143 557 3214 (Eccle.
590 3158 668 3207 tu,
698 3141 826 3214 2i)?
851 3140 1047 3209 Quinto
1065 3142 1209 3214 venti
1239 3140 1486 3214 dicuntur
1512 3140 1671 3214 spiri-

74 3220 167 3283 tus
191 3254 209 3277 ,
253 3224 317 3266 ut
355 3210 430 3269 ibi
470 3230 482 3266 :
514 3213 738 3283 Spiritus
769 3210 1103 3281 procellarum
1131 3211 1304 3283 (Psal.
1331 3225 1524 3264 CXLVI“
1549 3250 1562 3274 ,
1593 3210 1670 3283 8).

76 3282 250 3338 Sexto
283 3300 385 3339 aer
410 3281 629 3353 spiritus
655 3283 923 3351 scribitur,
954 3292 1010 3338 ut
1031 3284 1102 3338 ibi
1130 3281 1246 3353 ελΟδ
1268 3297 1432 3335 meum
1460 3281 1669 3353 aperui,

14 3426 17 3429 _
74 3362 118 3429 et
146 3356 361 3429 attraxi
388 3351 626 3429 spiritum
648 3353 1017 3429 (Psaltcxvut,
1214 3353 1451 3419 Quorum
1481 3352 1675 3429 delini-

75 3424 151 3478 tio
171 3426 314 3481 talis
342 3421 426 3480 est
459 3444 472 3479 :
502 3428 610 3479 Aer
630 3421 711 3480 est
734 3425 951 3493 spiritus
978 3421 1204 3487 sensili's,
1232 3438 1341 3476 non
1362 3421 1629 3476 sensibilis
1659 3440 1672 3476 :

76 3493 135 3547 id
177 3504 277 3548 est
303 3536 322 3558 ,
359 3510 510 3565 quem
556 3510 654 3549 nos
698 3492 1012 3550 attrahenda
1055 3496 1352 3565 sentimus,
1396 3493 1510 3565 ipse
1544 3492 1673 3547 nihil

80 3564 591 3632 sentiens,'cuuetis
613 3575 789 3622 tamen
815 3568 913 3623 sub
933 3567 1071 3623 caelo
1090 3564 1385 3620 viventibus
1406 3564 1676 3632 spiramen

80 3635 385 3691 exhibens.
416 3636 614 3693 Ventus
651 3638 867 3707 spiritus
894 3647 978 3693 est
1017 3652 1110 3692 aer
1132 3678 1147 3701 ,
1182 3636 1274 3689 Dei
1302 3643 1429 3688 nutu
1454 3676 1469 3701 ,
1497 3635 1676 3703 aliquo

82 3717 238 3760 motu
276 3708 510 3778 agitatus
533 3750 548 3772 ,
581 3709 827 3777 procellis
852 3724 1110 3779 aquarum
1142 3713 1515 3779 augmentatus
1539 3719 1676 3779 ,_per

86 3776 335 3847 angelica
362 3776 658 3833 ministeria
687 3776 944 3834 excitatus
968 3820 983 3846 ,
1019 3794 1114 3849 per
1143 3776 1327 3849 eadem
1369 3776 1678 3849 tranquilla-

88 3846 185 3904 ως.
216 3850 353 3903 Vita
376 3850 655 3904 brutorum
677 3852 982 3905 animalium
1008 3846 1090 3904 est
1113 3847 1329 3917 spiritus
1349 3846 1524 3901 vitalis
1548 3861 1677 3917 con:

91 3928 232 3975 stans
258 3922 339 3975 de
369 3935 499 3975 aere
524 3929 576 3974 et
603 3924 855 3991 sanguine
879 3964 895 3988 ,
923 3916 1207 3984 animalis,
1235 3917 1512 3991 invisibilis
1535 3957 1551 3982 ,
1584 3916 1677 3971 sed

96 3992 393 4057 sensibilis,
417 3988 742 4072 memoriam
758 3992 959 4047 habens
983 4033 998 4059 ,
1029 3991 1123 4047 sed
1150 3988 1423 4047 intellectu
1448 4002 1636 4043 carens
1658 4028 1674 4053 ,

97 4076 207 4116 cum
241 4078 419 4117 carne
447 4063 702 4128 moriens,
730 4063 782 4117 in
810 4078 931 4117 aera
959 4076 1301 4118 evanescens.

153 4132 401 4198 CAPUT
445 4133 509 4187 V.
564 4134 746 4187 Anima
796 4134 1077 4204 intelligens
1134 4132 1253 4204 quid
1305 4130 1388 4204 sit.
1436 4128 1530 4183 Est
1577 4130 1679 4204 vita

103 4205 389 4270 msibilis,
430 4204 712 4267 mutabilis,
741 4202 990 4271 illocalis’,
1026 4202 1307 4273 passibilis;
1340 4202 1448 4256 sine
1475 4202 1678 4273 quanti-

106 4282 214 4339 tate,
251 4277 426 4345 ﬁgura
453 4275 527 4328 vel
564 4276 746 4328 colore.
780 4276 978 4329 ‘Auima
1020 4271 1148 4329 vero
1187 4274 1517 4345 spiritusest
1557 4271 1681 4326 sub-

108 4342 655 4415 stantia'incorporea.
685 4346 923 4415 corporis
952 4346 1031 4400 sui
1058 4346 1184 4411 vita,
1214 4342 1526 4415 invisibilis,
1555 4357 1679 4397 sen-

114 4416 292 4482 sibilis,
318 4414 604 4481 mutabilis,
631 4414 870 4483 illocalis,
895 4416 1177 4483 passibilis,
1209 4430 1307 4469 nec
1326 4414 1679 4481 quantitatum

116 4498 396 4556 mensurae,
422 4502 520 4542 nec
544 4488 851 4556 qualitatum
878 4483 1062 4541 forma:
1090 4488 1169 4540 vel
1197 4483 1391 4556 coloris
1416 4484 1678 4556 suscepti-

119 4552 225 4612 bilis
258 4560 275 4589 ⁸
311 4576 324 4611 :
354 4552 702 4625 memorialis,
726 4558 1019 4621 rationalis,
1043 4554 1434 4619 intellectualis,
1462 4552 1681 4607 immor-

121 4630 248 4683 talis.
282 4628 351 4683 Et
388 4643 458 4684 ne
500 4629 613 4683 haec
638 4630 851 4683 vacillet
875 4627 1115 4682 definitio
1135 4668 1148 4691 ,
1177 4627 1313 4682 ratio
1342 4640 1459 4680 eam
1489 4625 1680 4694 proba-

120 4699 340 4754 tionibus
378 4700 617 4754 roboret.
662 4701 851 4753 Anima
893 4706 977 4752 est
1018 4698 1308 4766 spiritualis
1351 4695 1677 4762 substantia;

118 4782 265 4825 omne
313 4771 458 4824 enim
502 4770 643 4841 quod
692 4771 781 4823 alii
836 4770 1009 4841 vitam,
1045 4768 1454 4841 subministrat,
1506 4766 1680 4841 ipsum

114 4853 329 4896 necesse
370 4851 457 4896 est
490 4838 548 4895 ut
580 4841 835 4896 subsistat
873 4860 884 4895 :
921 4840 1013 4894 sed
1058 4840 1230 4893 anima
1271 4840 1432 4891 vitam
1472 4838 1681 4906 corpori

113 4912 293 4967 tribuit
331 4931 344 4966 :
388 4912 545 4982 igitur
580 4913 753 4966 anima
798 4911 1014 4965 realiter
1059 4910 1317 4982 subsistit.
1363 4907 1513 4962 lianc
1552 4923 1682 4963 vero

108 4985 265 5037 vitam
291 4980 661 5051 esse'ipsamet
690 4983 897 5053 probat,
921 4982 1044 5035 dum
1073 4980 1350 5053 praesentia
1370 4994 1467 5053 sua
1488 4994 1682 5053 corpus

105 5054 381 5118 riviﬁcat,
428 5050 662 5107 absentia
690 5050 800 5107 sua
847 5054 982 5107 idem
1025 5050 1327 5105 mortiﬁcat.
1368 5050 1492 5103 Haec
1531 5052 1683 5104 nobis

96 5128 319 5198 quidem
344 5124 748 5198 esthin‘nsibilis,
770 5122 863 5177 sed
886 5122 1158 5198 spiritibus
1179 5132 1262 5176 est
1284 5121 1522 5198 visibilis.
1538 5120 1684 5175 lianc

90 5192 262 5254 etiam
295 5195 603 5250 sensibilem
642 5210 762 5249 esse
790 5203 1033 5259 constat,
1064 5193 1189 5247 dum
1230 5192 1397 5247 oculis
1435 5192 1642 5245 colores
1665 5232 1680 5258 ,

88 5270 323 5325 auribus
344 5280 530 5331 sonos,
553 5267 770 5320 naribus
800 5265 1013 5329 odores,
1048 5264 1221 5333 palato
1248 5277 1485 5331 sapores,
1516 5262 1686 5315 mani-

82 5344 189 5399 bus
239 5351 444 5409 aspera
488 5338 572 5390 vel
618 5339 757 5409 lenia
804 5336 1003 5409 sentire
1047 5343 1283 5409 praestat.
1334 5333 1686 5409 Estuquoque

78 5404 381 5471 mutabilis
412 5423 427 5461 :
453 5422 611 5462 omne
635 5408 777 5461 enim
809 5406 950 5475 quod
980 5406 1248 5475 pejoratur
1275 5413 1328 5459 et
1354 5404 1683 5475 mclioratur,

76 5481 361 5544 mutabile
394 5488 508 5543 est;
538 5479 632 5533 sed
673 5473 848 5531 anima
888 5473 1337 5545 vitiis‘pejoratur
1358 5514 1374 5540 ,
1404 5473 1686 5530 virtutibus

72 5557 454 5617 melioratur;
487 5550 643 5620 igitur
666 5548 937 5620 mutabilis
960 5555 1075 5620 est.
1107 5546 1204 5620 Est
1227 5548 1386 5620 etiam
1414 5545 1635 5620 illocalis
1670 5562 1683 5599 :

70 5616 262 5689 omne
302 5622 450 5677 enim
486 5616 629 5691 quod
654 5621 773 5676 loco
798 5618 1085 5675 includitur
1109 5658 1126 5685 ,
1153 5616 1431 5672 altitudine
1456 5657 1471 5684 ,
1501 5617 1683 5673 latitu-

146 5778 167 5809 ς
212 5776 269 5821 ω
289 5771 429 5828 usa,
1164 5754 1322 5809 colore

1086 255 1292 315 LIBER
1328 256 1419 314 DE
1455 254 1863 316 COGNITIONE
1904 256 2113 315 VERIE
2144 259 2346 317 ἯΤΛΕ.

3202 264 3347 325 1010

1703 400 1709 406 ·
1756 374 1882 454 dine
1902 418 1916 443 ,
1946 377 2275 454 longitudine
2303 379 2442 454 aeris
2466 380 2921 439 circumscribitur
2940 422 2955 450 ,
2993 394 3195 454 corpus
3215 390 3336 449 est;

1757 446 1849 501 sed
1886 450 2020 502 ratio
2044 446 2237 504 'docuit
2278 451 2509 525 animam
2539 454 2903 525 incorpoream
2941 446 3064 510 esse
3088 446 3107 519 ξ
3132 454 3186 508 id
3211 446 3340 521 est,

1757 532 1859 572 nec
1896 534 2090 589 corpus
2134 536 2233 578 nec
2274 523 2488 595 aliquod
2536 523 2830 580 membrum
2884 525 3125 591 habere;
3180 525 3342 595 igitur

1757 598 1967 644 constat
1994 606 2112 645 eam
2134 607 2256 647 esse
2286 591 2568 649 illocalem.
2597 595 2710 650 Non
2742 598 2882 651 enim
2907 597 3134 666 spatium
3159 591 3302 651 aeris
3324 635 3342 661 ,

1757 667 1817 737 ut
1846 676 2069 737 corpus,
2095 671 2357 737 occupat,
2392 680 2491 719 nec
2513 680 2707 736 corpus
2726 710 2741 730 ,
2765 675 2824 721 ut
2849 683 2982 737 aqua
3012 676 3207 732 utrem,
3237 667 3342 720 im-

1759 730 1902 799 plet;
1931 732 2024 787 sed
2050 742 2107 787 ut
2133 730 2278 788 caldr
2300 744 2412 789 toto
2432 737 2541 805 igni
2564 730 2847 793 illocaliter
2875 730 3030 802 inest,
3060 741 3131 792 ita
3159 730 3344 792 anima

1761 810 1928 884 totum
1955 806 2685 884 corpusillocaliteritnplet.
2720 808 3109 884 lgnisdquidem
3137 808 3342 884 est_vis

1758 873 1950 948 sibilis,
1966 875 2058 948 sed
2086 876 2232 930 calor
2270 873 2638 948 invisibilis'et
2681 873 2948 934 sensibilis
2970 922 2983 946 ,
3021 888 3075 933 et
3108 878 3341 948 quodam

1759 943 1920 1025 modo
1946 947 2155 1025 __i_gnem_
2192 946 2465 1025 viviﬁcans
2508 967 2519 1002 :
2563 948 2633 1003 ita
2677 950 2854 1025 anima
2898 943 3217 1025 invisibilis,
3243 948 3342 1025 sed

1759 1015 2060 1089 sensibilis,
2108 1018 2317 1089 visibile
2352 1034 2547 1089 corpus
2586 1021 2815 1089 quadam
2843 1022 3047 1076 occulta
3085 1020 3137 1074 vi
3167 1020 3344 1075 sensi-

1760 1084 1885 1166 ﬁcat
1923 1096 1977 1141 et
2014 1088 2262 1166 vivificat.
2305 1084 2551 1166 Haee'est
2589 1084 3151 1166 quoquepassibilis:
3180 1104 3344 1166 omne

1760 1159 1901 1233 enim
1924 1159 2063 1227 quod
2086 1175 2316 1233 maerore
2336 1160 2588 1233 afficitur,
2607 1159 2870 1233 passibile
2896 1173 2978 1218 est
3005 1181 3017 1215 :
3046 1161 3140 1217 sed
3160 1161 3343 1233 anima

1760 1228 1885 1281 dum
1924 1246 2043 1311 stne
2090 1232 2374 1311 γριμηιθιίξ
2411 1228 2640 1311 compos
2678 1250 2787 1311 non
2834 1234 3063 1289 efﬁcitur
3088 1274 3101 1297 ,
3129 1231 3345 1311 .dotore

1760 1300 2030 1373 maestitiae
2057 1300 2315 1368 afﬁcitur;
2354 1303 2514 1373 igitur
2544 1300 2819 1373 'passihilis
2843 1320 2963 1361 esse
2989 1302 3345 1359 convincitur.

1760 1368 1844 1441 Ab
1870 1370 1968 1425 hac
1997 1374 2261 1441 quantitas
2296 1368 2591 1428 excluditur
2620 1393 2634 1428 :
2665 1375 2792 1430 dum
2832 1392 2933 1430 nec
2957 1373 3236 1429 altitudine
3260 1373 3347 1428 vel

1762 1440 2041 1497 latitudine
2080 1453 2171 1497 aut
2210 1443 2539 1514 longitudine
2562 1448 2781 1500 metitur
2805 1489 2819 1512 ,
2852 1462 2952 1501 nec
2991 1463 3086 1501 sex
3116 1445 3348 1499 circum-

1762 1514 2003 1578 stantias,
2034 1515 2239 1569 scilicet
2267 1524 2389 1570 ante
2411 1525 2465 1571 et
2490 1525 2659 1582 retro,
2693 1518 2939 1571 dextrum
2968 1526 3021 1570 et
3046 1516 3342 1581 sinistrum,

1762 1594 1971 1655 sursum
2013 1595 2067 1639 et
2110 1586 2359 1641 deorsum
2385 1628 2400 1653 ,
2447 1601 2504 1640 se
2546 1588 2821 1641 includere
2859 1587 3077 1655 patitur.
3107 1585 3349 1651 Qualitas

1763 1656 1924 1723 etiam
1953 1654 2139 1711 forma:
2168 1667 2221 1711 et
2244 1659 2435 1712 coloris
2466 1658 2532 1711 ab
2558 1658 2657 1713 hac
2684 1654 3010 1723 secernitur,
3045 1657 3172 1711 dum
3200 1655 3347 1709 nulla

1765 1722 1933 1804 [arma
1962 1729 2055 1804 vel
2081 1728 2301 1804 humani
2342 1730 2612 1798 corporis,
2653 1730 2744 1804 vel
2776 1729 2935 1804 ullius
2979 1728 3228 1804 colorata:
3268 1726 3351 1804 rei

1764 1795 1839 1849 illi
1864 1798 2202 1854 adscribitur.
2247 1800 2370 1854 llmc
2407 1795 2487 1853 est
2523 1800 2850 1855 memorialis
2872 1841 2887 1864 ,
2918 1799 3040 1868 quia
3083 1797 3349 1868 praeterita

1763 1869 2016 1925 recolit‘.
2045 1870 2140 1924 Est
2167 1869 2463 1937 rationalis,
2482 1871 2603 1939 quia
2633 1871 2916 1939 praesentia
2941 1867 3219 1923 discernit.
3254 1867 3352 1922 Est

1766 1940 2161 2011 intellectualis,
2189 1942 2312 2011 quia
2334 1942 2507 1995 futura
2528 1940 2793 2011 intelligit.
2817 1941 2965 1995 Hanc
2990 1939 3346 2011 immortalem

1766 2010 1893 2066 hinc
1915 2025 2037 2066 esse
2064 2008 2293 2078 constat,
2320 2012 2464 2082 quod
2486 2008 2799 2067 memoriam
2824 2013 2905 2067 sui
2934 2008 3077 2080 apud
3102 2017 3348 2079 posteros

1766 2082 2076 2152 perenniter
2098 2083 2293 2137 durare
2323 2083 2545 2137 laborat.

1838 2152 2064 2208 CAPUT
2103 2152 2189 2207 Vl.
2220 2154 2402 2224 Angeli
2441 2154 2564 2221 quid
2590 2153 2708 2207 sint.
2738 2154 2816 2209 An
2843 2154 2962 2209 sint.
2996 2152 3130 2220 Quid
3172 2157 3348 2224 agant.

1772 2222 1828 2277 Ν
1832 2224 1987 2278 otitia:
2001 2240 2173 2278 eorum
2192 2233 2241 2277 et
2259 2222 2445 2278 nostra:
2456 2224 2743 2279 discrimen.
2760 2225 2992 2294 Angelus
3007 2234 3181 2277 autem
3196 2222 3353 2294 spiri-

1768 2303 1854 2350 tus
1889 2303 1971 2349 est
2010 2296 2301 2349 substantia
2342 2296 2682 2364 incorporea,
2706 2292 3012 2360 invisibilis,
3057 2292 3346 2364 sensibilis,

1768 2366 2071 2429 rationalis,
2097 2362 2858 2431 intellectualis,immortalis;
2883 2366 3142 2419 bonorum
3176 2362 3350 2417 lucida

1769 2444 1826 2492 et
1843 2436 2202 2507 impassibilis,
2219 2435 2479 2490 malorum
2500 2445 2633 2491 tetra
2656 2447 2710 2491 et
2728 2436 3019 2507 passibilis.
3037 2434 3143 2490 Sed
3162 2433 3352 2507 viden-

1770 2508 1895 2562 dum
1921 2504 2113 2561 'utrum
2153 2508 2329 2577 aliqua
2367 2508 2657 2562 substantia
2707 2504 2824 2563 talis
2863 2508 2915 2561 in
2956 2508 3118 2561 rebus
3158 2504 3354 2577 creatis

1771 2593 1892 2633 esse
1911 2578 2180 2643 credatur,
2209 2575 2329 2643 cum
2352 2593 2381 2632 a
2410 2580 2561 2633 nobis
2588 2578 2808 2633 minime
2827 2578 3087 2632 videatur.
3118 2575 3353 2644 Angelos

1771 2664 1892 2704 esse
1929 2650 2041 2717 ipsa
2081 2649 2405 2703 insensibilia
2446 2649 2705 2718 probant,
2748 2665 2867 2717 qua:
2908 2660 3012 2702 tam
3042 2657 3241 2702 certam
3268 2644 3354 2699 sui

1772 2729 1947 2773 motus
1968 2720 2136 2788 legem
2165 2720 2473 2790 observant.
2499 2720 2669 2775 Omne
2692 2722 2888 2790 quippe
2915 2719 3057 2787 quod
3085 2724 3351 2790 movetur,

1770 2799 1864 2844 aut
1890 2785 2092 2843 motum
2123 2804 2151 2841 a
2181 2804 2239 2844 se
2279 2789 2437 2844 habet
2472 2799 2565 2845 aut
2602 2785 2856 2845 aliunde":
2888 2785 2980 2845 sed
3018 2804 3179 2843 oume
3212 2785 3357 2855 quod

1772 2871 1978 2915 motum
2016 2876 2047 2914 a
2088 2876 2146 2915 se
2176 2860 2335 2915 liabet
2358 2902 2372 2926 ,
2414 2872 2498 2916 est
2534 2862 2785 2915 sensibile
2809 2903 2823 2927 ,
2866 2872 2923 2914 ut
2959 2861 3169 2921 anima;
3210 2856 3358 2927 quod

1773 2932 2017 2997 aliunde,
2048 2931 2355 2986 insensibile
2374 2973 2389 2997 ,
2423 2942 2481 2985 ut
2519 2946 2732 3001 corpus.
2756 2932 2909 2999 Quod
2934 2932 2977 2984 si
3004 2930 3113 2995 sol,
3148 2930 3272 2982 luna
3301 2935 3358 3001 et

1774 3002 1948 3056 sidera
1979 3016 2075 3071 per
2100 3017 2158 3056 se
2189 3013 2499 3067 moventur,
2534 2998 2697 3056 sensu
2726 2998 2811 3057 vel
2843 3003 3047 3055 ratione
3072 3002 3251 3068 vigere
3277 2998 3361 3071 vi-

1775 3070 2006 3127 dentur}
2030 3087 2147 3141 qua:
2169 3079 2274 3125 tam
2297 3081 2440 3126 certa
2466 3083 2724 3141 tempora,
2746 3080 2853 3126 tam
2877 3080 3020 3126 certa
3043 3071 3164 3126 (ξωιί
3185 3070 3358 3141 spatia

1777 3139 2116 3207 custodiunt,
2150 3150 2202 3197 et
2231 3144 2461 3212 quodam
2495 3139 2653 3197 modo
2681 3158 2835 3196 suum
2875 3142 3202 3197 intellectum
3234 3139 3359 3212 huic

1780 3214 1981 3268 mundo
2019 3214 2219 3268 lumine
2249 3210 2339 3268 vel
2377 3214 2540 3283 signis
2577 3214 2819 3267 innuunt.
2847 3214 2953 3268 Sed
2982 3214 3073 3281 qui
3102 3228 3163 3265 ea
3192 3210 3360 3263 ratio-

1780 3287 1918 3339 nalia
1956 3286 2041 3339 vel
2080 3285 2265 3339 saltem
2294 3282 2561 3339 seusibilia
2602 3299 2827 3353 corpora
2868 3284 3158 3338 arbitratur
3182 3323 3197 3347 ,
3234 3282 3358 3353 jure

1778 3371 1939 3411 sensu
1973 3370 2160 3410 carens
2184 3397 2198 3420 ,
2245 3356 2383 3410 inter
2424 3350 2797 3410 irrationabilia
2840 3362 3193 3423 computatur.
3223 3350 3359 3423 Cum

1777 3436 1954 3482 autem
1978 3442 2106 3482 vere
2132 3427 2239 3480 sint
2258 3441 2484 3496 corpora
2512 3427 2754 3491 visibilia,
2786 3426 2880 3481 sed
2910 3422 3055 3480 motu
3080 3422 3314 3477 carentia
3338 3460 3355 3487 ,

1776 3506 1960 3567 utputa
1986 3497 2334 3560 insensibilia,
2362 3508 2416 3552 et
2440 3508 2615 3551 tamen
2640 3505 2980 3561 moveantur;
3004 3502 3210 3549 constat
3232 3507 3358 3561 pro-

1778 3567 1917 3623 fecto
1953 3568 2093 3638 quod
2128 3567 2344 3623 aliunde
2380 3576 2715 3623 moveantur.
2759 3569 2943 3623 Restat
2982 3567 3139 3635 igitur
3166 3579 3233 3638 ea
3259 3578 3362 3638 per

1778 3635 2015 3709 angelica
2038 3640 2329 3693 ministeria
2358 3641 2582 3694 moveri.
2610 3637 2865 3694 Similiter
2892 3646 3099 3701 ventos,
3131 3635 3358 3709 pluvias,

1776 3706 2081 3834 grandines,
2106 3709 2334 3779 fulgura,
2364 3711 2615 3775 tonitrua,
2643 3718 3009 3779 tempestates,
3034 3722 3190 3761 auras
3206 3706 3363 3775 jussu

1826 3780 1875 3834 ei
1899 3795 1992 3834 oer
2012 3781 2131 3834 illos
2152 3782 2260 3834 regi
2290 3781 2377 3834 nui
2399 3780 2623 3834 dubitat.
2654 3796 2713 3834 ea
2745 3780 3010 3834 sensibilia
3043 3785 3189 3834 nutat
3220 3794 3232 3829 :
3265 3774 3363 3829 sed

1826 3780 1875 3834 ei
1899 3795 1992 3850 per
2012 3781 2131 3835 illos
2152 3774 2260 3850 rogi
2290 3774 2377 3850 qui
2399 3780 2623 3844 dubitat,
2654 3796 2713 3835 ea
2745 3774 3010 3834 sensibilia
3043 3774 3232 3850 putat}
3265 3774 3363 3829 sed

1778 3847 1922 3905 bunc
1951 3851 2085 3905 ratio
2106 3847 2323 3905 stuliuui
2345 3867 2467 3906 cum
2498 3852 2891 3906 insensibilibus
2911 3849 3101 3921 probat
3125 3851 3167 3921 ξ.
3200 3847 3366 3901 Bruta

1817 3936 1988 3991 uoque
2026 3921 2274 3988 animalia
2304 3923 2489 3976 usibus
2528 3923 2773 3977 humanis
2810 3920 3057 3991 per’illos
3094 3920 3351 3991 obsecun-

1818 3990 1913 4047 are’
1932 3992 2016 4046 vel
2045 3993 2315 4046 adversari
2339 3994 2429 4062 qui
2450 4008 2555 4047 non
2583 3990 2825 4053 credunt,
2850 3999 2941 4046 aut
2965 3991 3052 4044 illa
3082 4004 3176 4058 per
3196 3990 3365 4062 ratio.

1780 4063 1863 4116 nis
1902 4062 2228 4117 intellectum
2260 4060 2377 4116 bace
2405 4064 2577 4117 facere
2606 4063 2865 4127 credunt,
2904 4063 3060 4130 longe
3096 4076 3125 4113 a
3154 4060 3383 4129 ratione,

1778 4133 2055 4188 recedunt.
2089 4133 2195 4187 Sed
2216 4141 2270 4186 et
2298 4142 2485 4186 cuncta
2515 4149 2632 4202 qua:
2658 4134 2709 4187 in
2734 4133 2891 4186 rebus
2926 4130 3325 4202 insensibilibus
3345 4168 3360 4193 ,

1779 4205 1862 4259 vel
1890 4203 2152 4258 creaturis
2177 4199 2822 4274 sensibilibus'geruntur,
2856 4218 2953 4272 per
2972 4202 3099 4274 illos
3129 4199 3361 4274 admini-

1781 4273 2056 4343 strariqui
2082 4272 2304 4342 ambigit
2329 4314 2344 4339 ,
2383 4268 2607 4328 multum
2648 4289 2676 4327 a
2716 4268 3111 4327 luce'veritatis
3145 4268 3363 4343 desipit.

1780 4345 1943 4414 Igitur
1968 4342 2177 4399 Constat
2206 4343 2424 4412 angelos
2446 4359 2571 4398 vere
2600 4358 2720 4399 esse
2738 4385 2751 4407 ,
2779 4352 2833 4397 et
2863 4352 3053 4397 cuncta
3071 4342 3237 4414 nobis
3266 4354 3364 4393 oc-

1782 4412 1923 4471 culta
1953 4422 2194 4484 patenter
2226 4427 2405 4467 nosse.
2435 4414 2539 4468 Sed
2570 4415 2669 4469 boe
2696 4413 2869 4468 differt
2896 4415 3034 4467 inter
3068 4412 3278 4465 illorum
3312 4418 3369 4463 et

1781 4496 2019 4541 nostram
2064 4484 2338 4538 scientiam
2365 4524 2379 4550 ,
2422 4485 2563 4553 quod
2608 4486 2705 4553 ipsi
2738 4498 2926 4538 omnes
2967 4496 3156 4537 causas
3182 4496 3366 4535 rerum

1781 4566 2067 4627 antequam
2093 4556 2343 4627 eveniant
2365 4557 2686 4627 praescium;
2716 4569 2814 4609 nos
2842 4563 3019 4608 autem
3043 4554 3131 4607 vix
3158 4561 3212 4627 et
3240 4565 3364 4606 cum

1782 4624 1977 4699 magno
1997 4626 2178 4681 labore
2203 4625 2583 4696 investigamus
2606 4641 2717 4693 eas,
2749 4636 3027 4696 postquam
3050 4639 3136 4679 res
3160 4624 3214 4678 in
3242 4631 3366 4678 actu

1782 4706 2045 4756 constant.

1852 4768 2078 4827 CAPUT
2116 4765 2228 4840 Ἧι.
2258 4766 2398 4840 Deus
2434 4768 2557 4840 quid
2584 4770 2669 4823 sit.
2714 4767 2863 4833 Quod
2888 4767 2970 4821 sit.
3008 4766 3155 4831 Quod
3193 4766 3257 4820 sit
3286 4779 3373 4819 ve-

1783 4843 1927 4907 ritas,
1950 4844 2072 4904 vita,
2096 4839 2365 4913 sapientia,
2385 4841 2589 4913 justitia
2633 4849 2679 4913 et
2715 4840 2988 4913 wternitas.
3021 4840 3187 4913 Porro
3222 4853 3371 4913 surn-

1784 4930 1905 4971 mus
1945 4913 2190 4983 spiritus,
2218 4909 2441 4983 sicut'a
2481 4912 2626 4966 nullo
2665 4912 2936 4965 intellectu
2975 4909 3371 4983 valet_proprie

1784 4980 2027 5055 cogitari,
2052 4986 2124 5037 ita
2146 4980 2291 5055 nulla
2320 4982 2633 5055 definitione
2656 4983 2851 5051 poterit
2875 4982 3087 5051 preprie
3115 4980 3374 5035 determi-

1786 5051 1921 5112 nari.
1972 5055 2077 5110 Sed
2122 5051 2244 5123 quia
2295 5053 2670 5109 intellectualis
2715 5068 2869 5107 mens
2918 5069 3039 5106 eum
3088 5060 3373 5123 utcumque

1786 5142 2074 5197 agnoscere
2103 5123 2335 5197 anhelat,
2375 5126 2489 5179 h:cc
2530 5125 2861 5195 :enigmatica
2897 5122 3376 5197 definitioeiinte-

1786 5193 1888 5254 rim
1926 5198 2173 5253 sufﬁciat.
2218 5193 2355 5251 Deus
2396 5198 2617 5265 spiritus
2642 5193 2737 5250 'est
2778 5196 3006 5249 essentia
3050 5193 3331 5245 invisibilis
3357 5232 3372 5255 ,

1787 5270 1931 5325 omni
1959 5278 2216 5325 creaturae
2242 5267 2796 5337 incomprehensibilis
2821 5307 2835 5330 ,
2869 5275 3032 5318 totam
3052 5265 3216 5337 vitam
3243 5306 3256 5325 ,
3290 5272 3371 5337 to-

1789 5349 1894 5394 tam
1927 5341 2237 5408 sapientiam
2264 5381 2278 5405 ,
2314 5334 2478 5394 totam
2517 5339 2869 5392 :eternitatem
2908 5334 3067 5408 simul
3111 5335 3344 5408 essentia

1788 5413 1909 5467 liter
1949 5404 2229 5479 possidens
2266 5404 2279 5464 ξ
2317 5411 2401 5465 vel
2442 5411 2557 5480 ipsa
2597 5408 2704 5461 vita
2730 5449 2747 5480 ,_
2776 5409 2887 5477 ipsa
2920 5405 3177 5480 sapientia
3202 5444 3216 5467 ,
3251 5404 3367 5473 ipsa

1789 5478 2010 5545 veritas,
2040 5484 2153 5553 ipsa
2175 5483 2400 5554 justitia,
2426 5478 2538 5554 ipsa
2568 5478 2837 5554 :eternitas
2866 5478 3120 5539 existens,
3152 5487 3368 5527 omnem

1788 5549 2087 5611 creaturam
2117 5549 2283 5610 instar
2305 5553 2487 5623 puncti
2512 5552 2569 5607 in
2594 5564 2654 5607 se
2679 5549 2979 5605 continens.

1854 5692 1872 5724 ι
1904 5696 2011 5740 Mss.
2035 5688 2148 5749 duo,
2174 5686 2425 5751 recolligit.

1854 5756 1876 5788 ²
1910 5761 2018 5805 Mss.
2049 5752 2162 5815 duo,
2187 5750 2384 5813 refutat.
