3804 6358
168 345 302 412 ωιὸ

185 474 303 529 tnim
328 468 512 527 videns
537 472 597 525 et
621 478 798 524 cacus
823 462 877 520 in
904 457 1477 540 solestantesavidens
1501 452 1744 540 claritate

182 546 289 599 aoiis
309 541 538 597 videndo
563 540 760 594 fruitur
776 548 994 608 ,ctecus
1018 532 1217 588 lumine
1242 532 1364 608 ejus
1387 532 1623 599 privatur
1646 543 1676 608 ;.
1693 534 1749 582 et

178 615 400 686 quamvis
413 610 700 683 praesentia
719 600 844 686 solis
860 607 1069 686 utrique
1090 616 1239 672 teque
1256 600 1617 686 adsit,.ta'mcn
1632 600 1746 686 ejus

173 669 493 756 praesentiam
517 696 623 756 non
647 678 919 756 :eqtyaliter
937 669 1167 756 uterque
1178 671 1366 736 sentit;
1390 670 1467 756 sic
1488 669 1747 756 D‘eus‘hos

173 738 363 811 Lautum
379 738 687 810 inhabitare
710 738 930 821 dicitur,
952 746 1040 816 qui
1069 738 1186 814 ejus
1212 738 1655 821 praesentiafacie
1678 738 1748 794 ad

170 828 351 882 faciem
377 824 603 880 videndo
627 865 639 884 .
668 830 721 874 ut
751 818 935 888 Angeli
953 812 1110 888 [aut
1127 829 1223 888 per
1244 812 1746 888 contemplationem

170 881 482 968 speculando
501 936 516 961 ,
549 881 749 968 utjnsti
774 881 962 968 in'hae'
980 887 1091 968 vita
1107 881 1431 967 ,Zfruuntur;
1462 884 1513 968 in
1541 881 1745 968 llisauf

170 951 282 1024 tein
298 951 400 1023 non
425 951 543 1023 esse
570 951 785 1029 dicitur,
799 960 891 1032 qui
914 960 1029 1029 ejus
1044 958 1251 1013 visione
1278 956 1571 1032 privamur.
1594 951 1746 1032 lJ'nde

169 1021 475 1110 augeam
503 1021 1070 1110 caelorum'intra'nos.
1086 1041 1205 1110 esse
1245 1021 1564 1110 praedicatur
1593 1021 1743 1096 (Luc.

168 1102 425 1177 xm,'2l)
447 1148 461 1174 ,
493 1107 615 1176 quia
644 1106 781 1178 visio
805 1102 900 1157 Dei
929 1102 1308 1178 omnipotentis
1327 1138 1343 1165 ,
1368 1112 1492 1178 quae
1524 1110 1748 1178 regnum

166 1167 419 1237 (scelerum
440 1167 458 1239 ,’
484 1167 535 1231 id
562 1186 680 1239 est,
704 1175 971 1244 justorurn
1001 1167 1302 1244 nominatur
1322 1209 1337 1234 ,
1367 1169 1421 1223 in
1451 1167 1667 1244 Angelis
1695 1175 1748 1220 et

161 1253 180 1321 j
188 1252 314 1306 ustis
334 1237 740 1321 contemplatur.
755 1244 893 1321 Rgee
904 1243 1066 1321 egiam
1082 1241 1189 1321 vita
1211 1248 1411 1321 aeterna
1427 1237 1743 1321 appellantur,

202 1324 284 1375 nia
315 1322 451 1377 beati
481 1307 766 1388 praesentia
806 1313 1160 1388 indeﬁcientis
1187 1311 1310 1364 vitae
1346 1310 1505 1388 plene
1528 1307 1746 1388 perfun-

202 1339 284 1375 llla
315 1339 451 1377 υρειιι
481 1339 766 1388 praesentia
806 1339 1160 1370 ulucuuwuua
1193 1339 1310 1364 vna:
1348 1339 1502 1378 μιῠιιῠ
1531 1339 1615 1377 μοι
1629 1339 1746 1388 ξυμ-

164 1339 394 1457 ﬂuntur,
438 1400 492 1444 et
519 1403 787 1459 nunquam
832 1400 931 1440 nec
958 1384 1153 1459 morti,
1184 1395 1284 1437 nec
1313 1381 1440 1459 ullis
1470 1378 1748 1459 doloribus

164 1449 420 1517 ministris
437 1461 627 1515 mortis
647 1449 924 1528 subjacere
943 1455 1339 1530 permittuntur.
1362 1450 1443 1505 Ad
1470 1449 1570 1505 hoc
1590 1464 1746 1530 nam-

162 1550 266 1603 que
290 1533 452 1588 creati
479 1540 621 1595 sunt,
653 1538 712 1584 ut
739 1524 1061 1603 {eternaliter
1085 1524 1284 1590 vivant,
1311 1532 1365 1576 et
1389 1530 1642 1603 aeternam
1671 1524 1749 1601 vi-

161 1590 269 1657 t'am
316 1590 635 1659 :eternaliter
664 1599 942 1670 aspiciant.
976 1596 1100 1670 Haec
1134 1607 1348 1670 quoque
1386 1590 1746 1670 coelestisci-

161 1676 295 1729 vitas
346 1662 877 1743 nuncupatum-quia
924 1662 1247 1743 unanimitas
1296 1663 1508 1718 illorum
1552 1662 1748 1717 civium

160 1745 225 1799 ad
266 1736 549 1800 videndum
596 1736 795 1816 itegeni
829 1739 1013 1816 glorias
1052 1738 1105 1792 in
1136 1736 1343 1816 decore
1380 1748 1477 1789 suo
1517 1748 1745 1816 congre-

158 1824 335 1885 gatur.
396 1816 516 1870 llaec
562 1808 904 1868 nihilominus
941 1808 1239 1885 Jerusalem
1299 1808 1744 1885 cognominatur,

158 1874 283 1956 quia
329 1888 524 1942 visione
568 1898 782 1953 semper
812 1880 1079 1956 manentis
1109 1877 1255 1956 pacis
1298 1874 1576 1956 satiantur.
1623 1874 1748 1956 lisse

157 1945 437 2026 paradisus
470 1945 769 2021 vocitatur,
793 1953 935 2026 quia
967 1945 1284 2026 omnimodo
1328 1950 1567 2002 omnium
1610 1945 1747 2001 deli-

158 2019 369 2082 ciarum
417 2019 1164 2093 abundantia‘jucundantur.
1218 2019 1344 2074 Haec
1393 2033 1623 2093 quoque
1654 2031 1748 2071 su-

162 2114 337 2172 perna
389 2099 546 2169 patria
600 2087 905 2172 nominatur
928 2135 952 2172 _,
1010 2091 1136 2172 quia
1175 2103 1377 2172 .omncs
1415 2087 1749 2172 justi-lianc

164 2158 460 2241 visionem,
501 2176 682 2237 utputa
712 2166 805 2219 ﬁlii
850 2158 946 2241 Dei
965 2204 981 2231 ,
1012 2158 1332 2241 haereditare
1361 2174 1465 2213 non
1496 2158 1747 2241 dubitan-

173 2248 286 2293 tur.
338 2232 457 2311 Cum
498 2232 620 2308 ergo
670 2243 884 2311 sanctos
930 2235 985 2289 in
1032 2232 1272 2311 oratione
1320 2232 1621 2311 invocatis,
1671 2232 1749 2283 sic

176 2316 386 2376 oportet
422 2309 480 2365 de
506 2301 582 2364 eis
632 2308 866 2377 cogitare
893 2302 1280 2377 constitutisin
1319 2301 1488 2377 gloria
1533 2309 1749 2355 aeternae

170 2370 450 2452 claritatis,
483 2381 685 2434 scilicet
701 2370 1156 2452 splendidissima
1204 2371 1404 2452 lumina
1450 2370 1607 2452 longe
1638 2386 1749 2451 prae

176 2452 299 2521 solis
330 2441 541 2521 fulgore,
568 2441 832 2521 lucentia,
865 2445 957 2517 qui
1005 2443 1184 2521 omnia
1232 2442 1369 2521 bona
1420 2441 1648 2521 pleniter
1695 2441 1750 2496 in

176 2520 263 2574 Dei
308 2512 503 2576 visione
532 2520 794 2587 habeant,
820 2512 1125 2573 'et'cuuctis
1150 2528 1209 2569 se
1251 2512 1622 2568 invocantibus
1648 2527 1749 2582 po-

177 2600 342 2646 tenter
366 2593 697 2647 subveniunt.

244 2664 383 2718 DISC.
433 2662 524 2717 Sol
574 2671 803 2716 aeternus
849 2658 918 2713 ad
966 2670 1125 2727 quem
1172 2651 1463 2727 videndum
1511 2667 1611 2727 nos
1661 2660 1751 2708 tua

180 2731 341 2807 dulcis
382 2735 549 2807 oratio
592 2732 868 2801 perduxit,
901 2737 957 2807 et
983 2724 1367 2807 cujusserena
1410 2724 1751 2807 lux_in‘cor-

183 2803 321 2877 dibus
364 2804 556 2859 nostris
585 2793 681 2877 per
710 2812 798 2877 tua
820 2800 1013 2877 verba
1032 2793 1238 2863 illuxit,
1271 2796 1387 2877 ipse
1413 2804 1464 2877 te
1488 2793 1563 2877 de
1598 2803 1752 2877 tene-

185 2872 281 2946 bris
308 2870 615 2945 exemptum.
647 2874 702 2946 in
734 2872 864 2926 lucis
905 2870 1124 2946 regione
1162 2870 1483 2946 constituat;
1516 2872 1570 2919 et
1612 2870 1754 2946 inter

186 2942 317 2999 luces
342 2936 474 3015 quas
514 2937 772 3015 praedicas
792 2952 893 3015 ,te
936 2936 1202 2995 lucentem
1233 2938 1251 2968 ³
1283 2937 1401 2992 luce
1429 2951 1541 2991 suae
1585 2936 1750 2990 visio-

184 3016 256 3068 nis
285 3014 582 3083 perenniter
608 3014 714 3069 frui
744 3014 958 3067 tribuat.

246 3076 373 3141 Hac.
420 3088 476 3141 Si
522 3085 649 3156 quid
692 3100 807 3156 per‘
829 3097 915 3137 me
957 3079 1233 3156 probabile
1279 3076 1582 3147 profertur,
1629 3076 1754 3156 nolo

186 3164 237 3209 ut
273 3158 388 3211 inde
430 3148 596 3222 mihi,
644 3148 738 3211 sed
785 3153 926 3219 Deo,
960 3148 1128 3220 ’cujus
1174 3150 1373 3204 donum
1419 3156 1535 3222 est,
1585 3148 1754 3222 gratia

186 3225 457 3292 referatur;
503 3216 595 3297 qui
624 3241 766 3295 saepe
798 3240 902 3297 per
915 3216 1161 3292 'abje'ctos
1203 3233 1389 3275 servos
1426 3216 1494 3272 ad
1521 3216 1753 3297 hairedi-

187 3304 350 3370 tatem
370 3289 479 3353 sua:
507 3289 727 3370 visionis
759 3289 899 3370 ﬁlios
922 3289 1049 3370 suos
1089 3298 1381 3370 convocat,
1426 3297 1483 3369 et
1510 3305 1606 3370 per
1651 3289 1753 3346 ho-

182 3376 283 3422 stes
322 3367 385 3425 de
430 3368 626 3423 exsilio
654 3366 721 3421 ad
768 3366 992 3435 patriam
1036 3365 1136 3435 iter
1165 3362 1353 3435 salutis
1381 3362 1567 3435 amicis
1610 3374 1752 3429 prae-

183 3446 351 3517 notat._
380 3440 445 3494 Et
470 3440 608 3517 bene
649 3428 818 3492 nostis
858 3433 1144 3517 aliquando
1174 3432 1488 3517 deformem
1506 3428 1754 3517 formoso

188 3509 439 3576 speculum
460 3551 475 3575 ,
507 3510 618 3563 imo
666 3522 866 3563 caecum
914 3502 1443 3576 videntibusulumen
1475 3503 1709 3557 tenuisse
1733 3540 1750 3569 ,

192 3573 253 3631 ac
273 3573 492 3633 claudum
516 3580 663 3634 sanis
682 3594 868 3648 gressu
888 3577 1029 3648 viam
1049 3573 1366 3648 ostendisse.

256 3648 457 3706 CAPUT
485 3650 557 3705 Χ.
603 3644 751 3714 Quod
795 3649 847 3702 in
886 3647 994 3702 Deo
1032 3644 1313 3700 necessaria
1342 3651 1388 3697 et
1428 3658 1757 3712 personarum

181 3717 369 3776 trinitas
397 3731 440 3775 et
467 3721 695 3775 essentia:
722 3720 908 3772 unitas.
960 3718 1104 3771 DISC.
1136 3714 1243 3769 Nos
1285 3728 1496 3783 quoque
1536 3722 1756 3784 propter

178 3804 237 3844 ea
262 3806 374 3860 quas
394 3792 713 3857 audivimus,
744 3788 963 3860 perenni
988 3788 1100 3860 Deo
1126 3795 1303 3860 grates
1332 3785 1633 3860 referimus,
1658 3800 1755 3840 cu-

174 3860 257 3929 ius
278 3855 411 3917 visio
436 3878 538 3935 per
560 3871 614 3917 te
657 3855 810 3935 nobis
835 3858 1098 3935 innotuit,
1129 3855 1183 3912 et
1209 3856 1299 3926 qui
1344 3855 1505 3935 talem
1537 3855 1754 3935 thesau-

176 3925 290 3986 rum
325 3925 626 3987 carnalibus
667 3930 1037 3987 absconditum
1082 3941 1176 3997 per
1220 3925 1272 3983 te
1317 3925 1473 3980 nobis
1514 3928 1752 3995 protulit.

178 4000 279 4075 Sed
308 4002 383 4075 (a)
414 4006 537 4075 quia
583 4002 786 4075 pondus
825 4001 1004 4075 carnis
1045 3998 1286 4075 animam
1318 4005 1599 4066 aggravat,
1630 4013 1758 4075 scce

180 4067 375 4128 iteruin'
389 4067 619 4128 carnalis
646 4073 895 4144 cogitatio
922 4079 1155 4144 mentem
1182 4067 1360 4144 divina
1390 4068 1758 4144 contemplan-

178 4150 283 4199 tem
309 4145 503 4212 pulsat.
528 4144 661 4199 Cum
688 4138 830 4198 enim
856 4141 1099 4211 superius
1121 4139 1259 4212 ratio
1286 4150 1449 4212 unum
1477 4138 1642 4193 Deum
1669 4155 1760 4195 ve-

179 4208 382 4270 rissime
405 4230 527 4270 esse
560 4208 1041 4278 demonstravérit,
1070 4219 1128 4266 et
1153 4211 1325 4281 ipsum
1365 4208 1539 4281 solum
1567 4217 1759 4281 cuncta

183 4297 242 4340 ex
271 4286 432 4340 nihilo
458 4284 651 4340 fecisse
675 4282 1007 4354 probaverit;
1028 4279 1298 4354 quomodo
1323 4279 1476 4354 quasi
1500 4286 1609 4335 tres
1629 4279 1759 4354 de_os

184 4354 397 4412 adorare
422 4349 697 4421 docemur,
730 4356 857 4410 dum
884 4349 1098 4409 Patrem
1125 4351 1419 4422 perfectum
1446 4349 1638 4422 Deum,
1665 4351 1759 4407 Fi-

184 4424 303 4498 lium
344 4430 635 4497 perfectum
663 4419 831 4482 Deum
852 4468 867 4493 ,
898 4419 1155 4498 Spiritum
1188 4431 1437 4498 sanetum
1467 4419 1761 4498 perfectum

188 4490 609 4554 Datm'oonﬁteri
628 4490 1097 4552 monemur‘fDum
1114 4494 1259 4550 enim
1279 4494 1357 4549 sic
1371 4490 1636 4547 distinctae
1655 4502 1762 4549 tres

251 4584 453 4625 nonnae
472 4570 889 4638 distinguuntur,
905 4565 1030 4637 quid
1046 4564 1192 4619 aliud
1212 4579 1371 4635 quam
1392 4570 1503 4619 tres
1523 4563 1593 4619 dii
1614 4578 1644 4618 a
1664 4578 1762 4621 no-

225 4638 267 4711 is_
279 4640 690 4711 intelliguntur?
916 4707 930 4711 _
1396 4656 1403 4666 '

252 4709 380 4766 the.
413 4706 532 4794 Ipsa
559 4711 785 4794 veritate
810 4724 873 4792 se
900 4707 1379 4789 demonstranteet
1400 4706 1610 4761 ratione
1638 4721 1764 4794 pro-

190 4775 366 4847 bante,
398 4775 559 4838 citius
607 4781 856 4836 videbitis
896 4779 1254 4847 necessariam
1301 4777 1355 4831 in
1399 4792 1502 4831 una
1532 4778 1763 4834 essentia

190 4862 521 4917 personamm
564 4853 851 4907 trinitatem
872 4892 888 4917 ,
921 4858 975 4904 et
1018 4850 1143 4905 item
1172 4863 1266 4918 per
1307 4848 1486 4902 omnia
1517 4863 1765 4903 necessa-

193 4921 311 4976 riam
349 4924 405 4994 in
439 4924 606 4978 tribus
648 4923 891 4994 personis
911 4920 1207 4994 individua:
1235 4918 1548 4994 substantiae
1592 4920 1765 4994 unita-

198 5000 309 5045 tem.
331 4993 463 5049 Cnm
488 4994 597 5063 jam
622 4989 871 5062 superius
894 4992 961 5047 de
986 4991 1095 5047 Deo
1114 4992 1368 5063 loquerer
1392 4989 1722 5063 aenigmatiee
1746 5032 1761 5063 ,

197 5063 301 5129 quia
343 5080 448 5120 non
475 5061 719 5135 poterant
763 5064 1008 5134 proprie,
1038 5061 1165 5133 quid
1205 5061 1317 5117 dixi
1344 5061 1631 5117 essentiam
1670 5062 1765 5117 Dei

254 5206 394 5263 DISC.
426 5205 646 5262 Lucem.

257 5277 387 5333 ΜΑο.
417 5277 492 5331 De
522 5276 643 5331 luce
669 5274 795 5345 quid
820 5274 1050 5347 gignitur
1074 5274 1099 5329 ἲ

258 5348 394 5404 Disc.
426 5347 710 5418 Splendor.

256 5419 389 5525 Msa.
435 5413 576 5484 Qum
621 5419 674 5473 in
716 5416 836 5473 luce
877 5424 932 5472 et
959 5414 1243 5487 splendore
1276 5413 1436 5473 simul
1464 5413 1768 5473 considera-

197 5499 271 5545 llll’
294 5499 309 5543 ἶ

262 5563 399 5617 Dtsc.
432 5558 609 5615 Calor.

260 5786 274 5815 ί
309 5786 387 5827 Ms.
413 5790 553 5837 unus,
579 5776 737 5827 lucem
758 5778 932 5825 cutem.

260 5842 332 5909 (α)
365 5841 433 5902 Al:
452 5840 529 5905 his
547 5840 716 5905 incipit
920 5846 1095 5923 διέκαιε

1154 340 1363 399 LIBER
1400 338 1489 395 DE
1526 330 1944 395 COGNITIONE
1988 338 2198 397 VERIE
2238 340 2444 399 νΙΤᾹΞ.

3300 342 3440 403 {0M

1923 451 2060 511 MAG.
2090 454 2165 526 (a)
2195 455 2331 527 Num
2362 456 2412 509 in
2443 455 2739 512 substantia
2766 456 2936 525 lucis,
2971 454 3272 527 splendoris
3293 494 3311 523 ,
3340 470 3439 513 ca-

1852 523 1985 580 loris
2013 523 2277 582 invenitur
2305 526 2585 581 diversitas
2609 528 2632 582 Ἰ

1928 595 2069 652 Dtsc.
2102 596 2237 662 Non,
2263 596 2355 651 sed
2387 595 2655 652 identatis.

1856 666 2102 793 “33:55
2117 666 2252 779 slum
2319 668 2372 722 in
2420 668 2689 724 vocabulis
2742 669 2829 725 vel
2876 664 3066 727 ofﬁciis
3118 668 3439 739 praedicatur

1853 746 2102 793 identitas
2121 746 2137 792 't'

1926 804 2069 863 DISC.
2099 808 2347 871 Minime,
2388 808 2481 864 sed
2518 806 2838 875 diversitas;
2887 826 3011 865 nam
3050 812 3179 866 lucis
3206 814 3437 868 voeabu-

1853 880 1963 934 lum
1977 880 2163 953 ipsam
2198 881 2544 953 substantiam
2569 923 2584 947 ,
2616 881 2914 952 splendoris
2952 882 3269 953 vocabulum
3301 883 3436 940 lucis

1853 951 2075 1076 gratiam
2104 994 2116 1015 ,
2155 951 2349 1015 caloris
2372 966 2500 1008 vero
2541 953 2859 1008 vocabulum
2898 952 3106 1008 videtur
3136 953 3439 1023 exprimere

1879 1021 1990 1076 ucis
2018 1023 2327 1076 efﬁcaciam.
2684 1038 2689 1041 ‘

1879 1021 1990 1076 ucis
2018 1023 2327 1079 efﬁcaciam.
2684 1038 2689 1041 ‘

1924 1092 2063 1176 Mite.
2098 1094 2259 1177 [εἰμεν
2285 1102 2431 1165 patet
2454 1094 2557 1177 tria
2567 1095 2842 1177 _vocabula
2880 1094 3087 1152 diversa
3118 1108 3278 1150 unam
3305 1109 3440 1152 con-

1854 1170 1997 1219 stare
2033 1165 2357 1220 individuam
2385 1166 2690 1221 essentiam.

1926 1236 2071 1307 Disc.
2101 1237 2203 1307 Per
2225 1236 2402 1291 omnia
2432 1245 2595 1307 patet.

1924 1305 2063 1379 Mtte.
2106 1305 2668 1379 Summumsmritum
2707 1307 2918 1379 Patrem
2962 1308 3133 1364 lucem
3186 1307 3445 1379 appellari

1856 1376 2063 1432 habetis
2104 1378 2154 1432 in
2200 1374 2497 1449 Apostolo:
2526 1377 2667 1434 Deus
2697 1374 2787 1434 lux
2824 1388 2937 1446 est,
2982 1388 3029 1435 et
3056 1381 3109 1433 in
3148 1374 3447 1435 eo'ténebra:

1855 1466 1957 1503 non
1979 1460 2097 1522 sunt
2124 1451 2245 1505 ullae
2270 1449 2327 1522 (il
2352 1450 2508 1522 Joan.
2538 1466 2585 1517 ι,
2608 1449 2698 1519 5).
2716 1451 3008 1522 Summum
3044 1464 3254 1522 quoque
3281 1452 3445 1519 spiri-

1856 1528 1968 1591 tum
2002 1519 2193 1574 Filium
2236 1519 2574 1591 splendorem
2618 1520 2915 1591 nuncupari
2950 1519 3206 1591 Apo'stol'o
3232 1521 3444 1591 habetis

1856 1590 1913 1663 in
1937 1591 2041 1646 alio
2073 1609 2086 1645 :
2121 1592 2219 1659 Qui
2240 1590 2318 1663 est
2346 1592 2585 1662 splendor
2612 1590 2905 1663 substantia:
2928 1590 3037 1663 ejus
3065 1591 3248 1663 (Hebr.
3274 1609 3290 1663 ι
3315 1635 3329 1659 ,
3358 1590 3442 1663 3).

1855 1659 2132 1717 Summum
2181 1659 2575 1717 nihilominus
2618 1662 2876 1732 Spiritum
2918 1659 3162 1719 sanctum
3206 1659 3443 1718 calorem

1856 1732 2119 1805 nominari
2151 1733 2358 1805 habetis
2386 1801 2395 1805 _
2423 1732 2562 1805 apud
2605 1733 2823 1805 Moysen
2867 1748 2881 1785 :
2940 1733 3079 1788 Deus
3113 1744 3281 1805 noster
3312 1735 3447 1805 ignis

1856 1813 1927 1887 est
1968 1802 2165 1887 (Deut.
2203 1820 2273 1871 ιν,
2303 1801 2425 1887 24).
2451 1801 2590 1887 Cum
2630 1801 2815 1887 itaque
2836 1805 2930 1887 luit
2945 1846 2959 1869 ,
2994 1804 3267 1887 Splendet,
3297 1801 3447 1861 calor

1856 1874 1926 1929 sit
1953 1873 2054 1929 una
2082 1885 2268 1930 natura
2297 1885 2352 1930 et
2379 1873 2647 1930 individua
2670 1875 2988 1937 substantia,
3022 1875 3285 1930 vocabulo
3312 1890 3446 1931 vero

1856 1946 2065 2000 diversa
2100 1963 2113 2010 ;
2145 1953 2353 2001 constat
2396 1945 2636 2015 profecto
2680 1946 2852 2000 Patris
2893 1954 2947 2000 et
2976 1944 3095 2000 Filii
3127 1955 3181 2000 et
3215 1945 3448 2015 Spiritus

1857 2017 2026 2071 sancti
2068 2032 2223 2071 unam
2252 2028 2493 2071 naturam
2524 2016 2953 2085 individuamque
2977 2018 3285 2082 essentiam,
3317 2017 3447 2073 dum

1857 2086 1912 2141 in
1942 2103 2005 2159 eo
2032 2087 2172 2156 quod
2198 2089 2458 2159 signiﬁcat
2490 2085 2620 2157 quid
2656 2088 2761 2156 sit,
2789 2088 3206 2159 substantialiter
3230 2089 3447 2157 spiritus

1857 2157 2202 2222 nominatur;
2234 2157 2287 2213 et
2324 2159 2449 2213 item
2480 2160 2532 2213 in
2576 2159 2819 2229 personis
2858 2158 3217 2213 diversitatem
3256 2173 3465 2229 neces;

1859 2229 2052 2283 sariam
2086 2271 2101 2294 ,
2132 2229 2258 2284 dum
2298 2229 2455 2285 Pater
2481 2230 2748 2301 gignens,
2789 2228 2955 2285 Filius
2978 2243 3236 2301 nascens,
3274 2228 3449 2300 Spiri-

1860 2308 1941 2371 tus
1966 2310 2178 2354 sanetus
2206 2303 2272 2354 ab
2295 2307 2516 2371 utroque
2547 2300 2839 2370 procedens
2866 2300 3207 2371 prwdicatur.

1930 2370 2073 2426 DISC.
2109 2371 2273 2425 Plane
2297 2370 2585 2443 trinitatem
2613 2372 2663 2443 in
2691 2371 2934 2443 personis
2972 2371 3254 2441 perspicue
3276 2371 3449 2443 vide-

1858 2457 1998 2508 mus,
2028 2450 2081 2497 et
2106 2442 2463 2497 necessariam
2488 2442 2540 2496 in
2562 2440 2863 2498 substantia
2883 2440 3141 2498 unitatem
3170 2441 3450 2498 evidenter

1859 2520 2119 2568 tenemus.

1928 2583 2157 2640 CAPUT
2192 2581 2286 2639 XI.
2327 2582 2431 2656 Cui:
2456 2581 2747 2640 substantia:
2783 2592 2830 2638 et
2856 2598 3083 2656 personae
3110 2584 3318 2638 nomina
3336 2584 3450 2640 Deo

1859 2664 2033 2725 aptata
2086 2658 2333 2725 ferantur.
2389 2653 2548 2725 Pater
2617 2672 2707 2709 cur
2760 2653 3055 2725 sic'dictus
3106 2664 3208 2709 non
3264 2662 3448 2711 mater.

1903 2742 1963 2778 ur
2003 2724 2230 2796 gignens.
2270 2724 2407 2796 MAG.
2453 2724 2579 2781 ideo
2615 2725 3019 2796 vigilantissime
3050 2724 3162 2781 haec
3206 2725 3311 2780 duo
3341 2742 3452 2779 nov

1859 2795 2026 2861 mina,
2060 2796 2259 2850 scilicet
2286 2795 2580 2851 substantia
2612 2795 2940 2866 etpersona,
2972 2796 3165 2851 divinm
3196 2797 3449 2852 essentia:

1860 2874 2209 2937 coaptantur,
2242 2867 2363 2935 quia
2395 2882 2608 2937 semper
2648 2867 2942 2922 substantia
2969 2867 3035 2922 de
3074 2866 3357 2937 individuis
3396 2868 3453 2922 in

1861 2936 2162 3007 pluralitate
2187 2936 2632 3002 consistentibus,
2671 2953 2899 3007 persona
2927 2945 3105 2992 autem
3146 2936 3213 2992 de
3257 2938 3451 2993 indivi-

1861 3006 1966 3062 dua
1998 3008 2238 3063 rationali
2291 3016 2475 3078 natura
2515 3006 2832 3078 praedicatur
2860 3024 2875 3073 ;
2903 3023 3024 3063 cum
3057 3023 3153 3063 nos
3181 3008 3452 3065 soleamus

1861 3078 2106 3160 personis
2153 3076 2546 3160 pluralitatem,
2590 3078 2900 3134 substantiae
2948 3086 3127 3133 autem
3167 3079 3454 3150 designare

1861 3157 2111 3204 essentia:
2140 3157 2412 3203 unitatem.

1936 3220 2079 3275 DISC.
2122 3222 2234 3287 Qua
2264 3219 2607 3273 similitudine
2638 3228 2859 3274 vocatur
2883 3227 3084 3273 aeterna
3115 3219 3206 3273 lux
3233 3220 3393 3289 Pater
3425 3220 3451 3273 'I

1933 3290 2074 3361 MAG.
2115 3291 2248 3358 Quia
2274 3307 2341 3346 ex
2370 3304 2428 3344 se
2458 3291 2661 3361 prolem
2686 3292 2701 3321 ¹
2731 3291 2989 3360 aqualem
3022 3290 3121 3346 sibi
3146 3290 3349 3361 genuit.

1898 3360 2082 3487 .thsc.
2120 3362 2308 3487 Nronne
2349 3359 2658 3432 sibi'magis
2693 3359 2878 3417 matris
2916 3375 3113 3417 nomen
3156 3359 3453 3418 convenire

1898 3449 1916 3487 ι
1954 3442 2135 3487 eretur

1860 3442 2135 3488 vtderetur

1934 3503 2072 3577 Mne.
2133 3502 2210 3577 (li)
2251 3503 2306 3558 ln
2355 3511 2763 3577 patre‘semper
2809 3503 3254 3577 est_principalis
3291 3516 3455 3559 causa

1862 3575 2049 3644 prolis,
2082 3573 2283 3630 et'ideo
2308 3589 2336 3628 a
2368 3574 2642 3645 principali
2671 3573 2815 3630 sexu
2842 3573 3027 3630 debuit
3062 3574 3182 3645 jure
3210 3574 3314 3631 hoc
3354 3589 3455 3631 no—

1863 3646 2007 3700 mine
2032 3646 2307 3716 appellari.

1936 3716 2081 3788 Disc.
2114 3717 2225 3785 Qua
2256 3716 2819 3788 similitudinedicitur
2846 3716 3112 3788 gignens?

1936 3786 2077 3843 MAG.
2107 3788 2324 3843 Certum
2353 3796 2434 3843 est
2476 3787 2620 3858 quod
2646 3802 2799 3844 mens
2836 3786 3000 3859 gignit
3026 3787 3403 3858 cogitationem
3431 3803 3450 3854 ;

1865 3866 2194 3930 cumautetn
2220 3873 2371 3914 mens
2408 3874 2467 3930 se
2502 3860 2669 3929 ipsam
2717 3860 2944 3929 c0gitat,
2975 3860 3127 3930 quasi
3155 3861 3313 3915 aliam
3350 3859 3459 3915 sibi

1865 3928 2112 4002 similem
2133 3938 2373 3999 generat.
2403 3928 2491 3986 Sic
2518 3928 2758 3986 Summus
2786 3928 2924 4002 Deus
2944 3928 3065 3986 cum
3092 3946 3151 3987 se
3177 3933 3351 4002 ipsum
3377 3938 3457 4002 ta-

1865 4000 1972 4055 lem
2000 4001 2171 4070 qualis
2198 4010 2278 4056 est
2303 4043 2317 4067 ,
2346 4002 2597 4069 cogitavit
2622 4044 2635 4067 ,
2664 4004 2846 4072 procul
2885 4001 3047 4057 dubio
3091 4000 3318 4056 similem
3354 4001 3459 4057 sibi

1868 4086 1963 4196 ger
1990 4072 2168 4125 omnia
2196 4072 2477 4141 imaginem
2506 4073 2799 4142 generavit.
2829 4073 2895 4127 Et
2919 4074 3054 4129 sicut
3071 4074 3307 4197 nggnens
3331 4072 3454 4141 jure

1911 4151 2029 4196 ater
2063 4151 2317 4197 vocatur.
2367 4143 2437 4197 ita
2475 4144 2773 4197 rectissime
2815 4145 3025 4197 aenitus
3116 4145 3239 4197 ilius
3281 4143 3454 4197 nomi-

1911 4151 2029 4196 ater
2063 4151 2317 4209 vocatur,
2367 4143 2437 4197 ita
2475 4144 2773 4198 rectissime
2815 4145 3025 4214 genitus
3071 4143 3239 4199 Filius
3281 4143 3455 4197 nomi-

1868 4221 2044 4267 natur.

1940 4282 2166 4355 CARUT
2214 4283 2328 4355 Xll.
2362 4284 2539 4355 Quod
2584 4301 2839 4355 nunquam
2881 4286 2990 4341 sine
3046 4281 3452 4355 Filiaexstitit.

1870 4354 2017 4425 Dtsc.
2045 4354 2097 4425 Si
2128 4353 2264 4409 Deus
2293 4353 2486 4410 Filium
2512 4352 2713 4425 genuit,
2744 4355 2957 4410 videtur
2980 4352 3262 4424 aliquando
3289 4352 3455 4425 fuisse

1910 4424 2009 4480 uod
2050 4424 2240 4479 Filium
2270 4442 2375 4481 non
2418 4424 2705 4491 habuerit,
2738 4433 2792 4479 et
2832 4426 2931 4480 hoc
2972 4439 3166 4478 nomen
3196 4438 3262 4480 ex
3306 4424 3454 4479 acci-

1909 4496 2019 4553 enti
2041 4498 2357 4566 possederit.
2386 4497 2537 4563 Quod
2556 4496 2599 4551 si
2629 4495 2731 4550 hoc
2753 4497 2820 4550 ita
2853 4504 2936 4550 est
2960 4538 2973 4562 ,
3003 4496 3244 4566 superior
3268 4496 3449 4566 prola-

1871 4568 1945 4623 tio
1990 4565 2336 4622 labefactatur
2358 4609 2373 4634 ,
2400 4583 2500 4638 qua
2533 4568 2641 4622 Deo
2681 4568 2810 4622 nihil
2839 4565 3201 4631 accidentale,
3244 4566 3339 4622 sed
3371 4576 3455 4621 to-

1873 4646 1980 4694 tum
2012 4639 2292 4694 essentiale
2314 4639 2717 4708 prmdicabatur.

1942 4709 2078 4765 MAG.
2108 4708 2224 4763 iam
2253 4707 2430 4764 docuit
2472 4710 2607 4764 ratio
2634 4753 2647 4777 ,
2686 4708 2779 4764 Dei
2824 4707 3108 4763 essentiam
3140 4721 3258 4763 esse
3296 4718 3450 4763 aeter-

1872 4796 1994 4836 nam
2023 4781 2182 4835 vitam
2204 4822 2217 4845 ,
2253 4780 2385 4835 initii
2426 4789 2479 4835 et
2505 4780 2624 4834 ﬁnis
2665 4781 2919 4835 nesciam.
2949 4778 3099 4846 Quod
3124 4780 3169 4833 si
3195 4780 3308 4834 lucc
3342 4780 3454 4833 sin-

1872 4852 2072 4922 gularis
2104 4868 2225 4905 vera
2258 4853 2361 4906 vita
2393 4853 2593 4921 absque
2622 4852 2772 4905 initio
2822 4860 3035 4920 Semper
3078 4849 3211 4915 fuit,
3245 4858 3456 4906 constat

1913 4922 2013 4977 uod
2053 4932 2105 4977 et
2147 4923 2347 4993 absque
2388 4924 2538 4978 initio
2584 4938 2797 4992 semper
2846 4938 2904 4976 se
2942 4922 3122 4975 vivere
3172 4921 3453 4993 intellexit.

1913 4938 2013 4977 non
2053 4938 2105 4977 et
2147 4938 2347 4993 absque
2388 4938 2538 4978 muto
2584 4938 2797 4992 semper
2846 4938 2904 4976 se
2942 4938 3122 4975 Vivere
3172 4938 3452 4977 mteucm.

1872 4938 2025 5060 Quod
2064 4993 2108 5047 si
2135 5007 2193 5047 se
2218 4994 2393 5048 vivere
2440 5009 2543 5048 non
2585 4993 2888 5058 intellexit,
2933 4993 3146 5061 sapiens
3175 5009 3280 5047 non
3310 4991 3452 5047 fuit:

1874 5064 2014 5137 quod
2046 5063 2399 5137 nefasestide
2430 5065 2542 5119 Deo
2564 5063 2767 5137 dicere.
2801 5064 2952 5131 Quod
2984 5066 3027 5117 si
3059 5062 3342 5137 aliquando
3368 5077 3457 5137 sa:

1875 5132 2127 5207 pientiutn
2154 5135 2365 5205 aliunde
2393 5136 2598 5205 accepit
2622 5180 2637 5203 ,
2666 5136 2787 5204 quia
2814 5136 2961 5207 prius
3002 5132 3170 5207 caruit
3195 5176 3207 5201 ,
3245 5145 3376 5207 tunc
3400 5132 3457 5187 id

1874 5204 1904 5261 ἐι
1944 5222 2051 5277 quo
2092 5214 2294 5259 tantum
2325 5204 2535 5262 bonum
2563 5210 2795 5276 accepit,
2830 5206 2939 5260 Deo
2984 5206 3173 5259 melius
3203 5204 3404 5277 exstitit
3434 5219 3452 5269 ;

1874 5276 2017 5348 quOd
2037 5276 2475 5331 absurdissimum
2499 5285 2600 5332 est.
2631 5278 2739 5334 Sed
2759 5278 2803 5330 si
2829 5278 3148 5344 sempiterna
3172 5276 3276 5329 vita
3297 5289 3456 5348 ssent—

1875 5345 1971 5419 per
2009 5363 2069 5403 se
2096 5348 2278 5403 vivere
2305 5348 2607 5419 intellexit,
2639 5348 2753 5419 haec
2792 5348 3154 5419 intelligentiae
3198 5345 3461 5419 sapientia

1876 5415 1984 5473 non
2029 5419 2243 5472 aliunde
2283 5420 2331 5473 ei
2380 5418 2610 5483 accidit,
2651 5418 2747 5474 sed
2775 5415 2985 5488 semper
3014 5418 3062 5472 ei
3092 5415 3461 5488 coessentialis

1873 5488 2011 5557 fuit,
2058 5502 2361 5560 quanquam
2404 5488 2539 5545 hanc
2567 5504 2635 5545 ex
2661 5503 2721 5544 se
2742 5530 2757 5557 ,
2790 5499 2847 5544 ut
2874 5486 3074 5560 prolem
3106 5502 3279 5553 suam,
3317 5486 3459 5540 inef-

1939 5711 1963 5778 t
1994 5707 2143 5778 Graeci
2164 5706 2356 5778 ιρβυιμεν
2379 5704 2699 5778 splendere"!-

1965 5783 1994 5819 a
2051 5769 2155 5819 Vid.
2179 5767 2516 5824 Elueidarium,
2543 5768 2627 5817 lib.
2656 5770 2701 5828 1,
2724 5781 2780 5817 ea
2819 5804 2831 5816 .
2859 5767 2904 5818 1.

1943 5770 2019 5897 Et;
2052 5837 2120 5886 Ex
2142 5830 2354 5885 Anselmi
2370 5829 2605 5896 Monolog.
2630 5841 2735 5895 cap.

1968 5829 2019 5896 υ)
2052 5837 2120 5886 Ex
2142 5830 2354 5885 Anselmi
2370 5829 2605 5896 Monolog.
2630 5841 2735 5895 cap.
2760 5829 2839 5881 42.
