3804 6358
396 223 539 284 1015
568 278 571 281 .

393 338 630 395 fabiliter
666 334 927 408 genuerit.
962 330 1127 404 Igitur
1160 328 1322 387 Pater
1362 339 1636 402 nunquam
1676 323 1791 384 sine
1838 321 1980 379 Filio

394 410 618 464 exstitit.

469 479 696 535 CAPUT
722 475 860 532 XIII.
894 474 996 530 Cur
1019 475 1100 528 hic
1126 472 1311 536 Filius,
1356 488 1459 527 non
1481 470 1612 540 ﬁlia.
1669 470 1815 525 Dtsc.
1865 466 1982 536 Qua

394 550 744 604 similitudine
770 547 1023 618 splendor
1058 552 1273 600 aeternae
1300 543 1432 600 lucis
1458 542 1624 598 Filius
1653 550 1896 609 vocatur,
1923 544 1981 594 et

394 635 503 675 non
531 620 635 674 ﬁlia
662 620 686 673 ?

466 691 603 747 Msa.
648 690 779 759 Quia
809 704 907 760 per
947 688 1127 760 omnia
1140 683 1455 760 isimilitudo
1494 683 1667 760 Patris
1697 682 1752 760 in
1794 697 1979 760 eoex:

393 752 844 836 primiturfund'e
890 767 946 815 et
992 758 1282 836 similitudo
1334 755 1450 827 ejus
1486 752 1979 836 dicitur..(a)_.Nil_iil

391 824 535 887 enim
584 824 657 886 in’
685 832 846 887 rebus
873 831 1068 885 creatis
1094 829 1172 906 _ad
1207 824 1468 906 iniegriiin
1515 826 1631 896 ejus
1674 824 1979 906 similitudi-

391 913 517 979 nem
549 910 727 959 servat
770 916 947 979 aquo
965 902 1218 979 nascitur.
1250 898 1438 967 Capilli
1465 910 1765 979 namque}
1808 898 1979 979 capite

390 973 507 1028 nati
549 982 674 1027 sunt
712 967 869 1042 capiti
898 972 1181 1027 dissimiles
1212 1013 1227 1037 ,
1260 969 1523 1042 poma__ab
1548 967 1828 1042 arboribus
1847 975 1977 1042 itala

389 1053 519 1118 sunt
564 1044 667 1118 illis
713 1035 1513 1118 dissimiliatiam—dissimilis
1560 1038 1793 1103 ovibus;
1840 1035 1979 1118 fctus

389 1115 699 1190 animalium
715 1114 865 1190 ,__vel
886 1114 1011 1190 ipsi_
1032 1113 1127 1167 ﬁlii
1158 1112 1431 1190 hominum
1447 1151 1468 1190 Α,
1500 1124 1606 1164 non
1654 1123 1750 1178 per
1798 1112 1977 1190 omnia

391 1185 599 1260 similes
627 1182 1220 1260 qualitaii__g'enitorum._
1242 1182 1346 1260 _ﬂic
1370 1188 1545 1260 autem
1573 1195 1669 1250 per
1684 1182 1977 1260 omniangi-

389 1257 572 1325 gnenti
612 1249 696 1312 est
724 1249 1071 1321 simillimus;
1114 1262 1169 1310 et
1206 1253 1328 1309 ideo
1356 1249 1634 1307 verissime
1682 1265 1791 1305 non
1830 1249 1973 1316 tilia,

390 1327 486 1380 sed
516 1328 674 1381 ﬁlius.

464 1396 689 1454 CAPUT
735 1396 876 1452 XIV.
914 1396 1084 1466 Quare
1130 1394 1371 1466 Verbum.
1402 1392 1554 1448 Verbi
1578 1401 1800 1466 elymon:
1828 1391 1972 1447 DISC.

388 1466 503 1537 Qua
530 1478 707 1522 autem
733 1462 1038 1523 habitudine
1064 1466 1232 1522 Filius
1260 1465 1493 1537 verbum
1520 1462 1742 1537 vocatur
1774 1462 1798 1537 ?_

461 1539 601 1594 Mne.
632 1540 711 1607 (ὁ)
743 1538 1043 1607 Tripliciter
1066 1538 1289 1594 verbum
1314 1536 1648 1607 intelligitur.
1677 1533 1839 1589 Verbi
1862 1548 1976 1603 gra-

389 1608 483 1673 tia,
507 1624 627 1664 cum
651 1608 751 1666 hoc
777 1609 1028 1675 verbum,
1052 1609 1248 1675 Homo,
1276 1623 1370 1662 ore
1396 1608 1666 1676 prolertur
1697 1623 1711 1671 ;
1739 1614 1829 1659 aut
1853 1620 1975 1659 cum

387 1679 531 1736 idem
574 1683 824 1747 verbum,
870 1680 1041 1735 Homo
1067 1722 1081 1744 ,
1110 1679 1311 1749 absque
1340 1686 1488 1732 motu
1514 1677 1706 1749 linguae
1736 1677 1788 1730 in
1814 1676 1975 1749 corde

384 1749 649 1828 formatur
678 1746 830 1828 ;__aut
876 1766 999 1805 cum
1028 1766 1116 1828 res
1160 1746 1296 1828 ipsa,
1343 1746 1976 1828 quant__sigttiﬁcat_iilud

384 1822 606 1876 verbum
640 1864 654 1887 ,
701 1821 905 1885 Ilon'io,
945 1823 1116 1890 qualis
1162 1822 1231 1875 sit
1281 1820 1335 1873 in
1384 1818 1655 1874 intellectu
1693 1818 1971 1890 cogitatur.

384 1890 503 1946 Hoc
538 1893 696 1947 tertio
744 1892 902 1945 modo
941 1889 1080 1947 Deus
1128 1890 1361 1945 Verbum
1400 1904 1554 1945 suum
1594 1889 1819 1960 genuit,
1852 1903 1975 1943 cum

386 1976 448 2017 se
492 1961 665 2033 ipsum
697 1960 980 2033 cogitando
1005 1961 1154 2017 dixit.
1188 1962 1255 2016 Et
1294 1959 1610 2033 quiatotam
1640 1959 1821 2033 mundi
1864 1960 1974 2033 for-_-

383 2030 532 2111 mani
564 2031 751 2111 eadem
770 2030 1098 2111 cogitatione
1127 2033 1259 2111 dixit
1284 2030 1338 2100 Γ,
1394 2031 1515 2111 ideo
1550 2031 1742 2111 dicitur
1770 2072 1783 2096 ,
1833 2030 1975 2111 quod

384 2103 567 2158 omnia
617 2105 669 2158 in
702 2102 878 2159 Verbo
912 2120 1009 2159 suo
1056 2104 1239 2160 fecerit
1283 2121 1295 2157 :
1344 2104 1483 2158 unde
1520 2110 1575 2158 et
1610 2102 1678 2157 de
1706 2102 1974 2157 creatione

382 2174 573 2245 mundi
608 2174 832 2245 legitur,
859 2174 983 2243 Ipse
1001 2176 1125 2230 dixit
1145 2216 1160 2240 ,
1201 2183 1247 2228 et
1276 2178 1555 2245 factaisurit
1585 2172 1766 2245 (Psali.
1790 2188 1969 2236 χχχιι,

385 2242 474 2314 9).
501 2244 641 2299 Nihil
662 2242 803 2300 enim
835 2242 1081 2300 estaliud
1108 2242 1284 2300 Filius
1299 2244 1384 2299 vel
1410 2244 1643 2299 Verbum
1667 2242 1781 2308 Dei,
1812 2257 1970 2312 quam

386 2316 639 2384 cogitatio
668 2316 748 2370 vel
787 2331 882 2370 ars
898 2318 979 2370 vel
1008 2317 1268 2386 sapientia
1298 2316 1448 2386 ejuse
1481 2314 1683 2383 Nempe
1726 2328 1844 2386 cum
1874 2327 1971 2386 nos

382 2385 616 2452 aliquam
645 2402 758 2441 rem
783 2384 1114 2455 cogitamus,
1141 2387 1307 2455 ipsius
1333 2386 1409 2439 rei
1438 2385 1719 2454 imaginem
1746 2385 1799 2437 in
1826 2384 1972 2453 cogi-

383 2457 583 2510 tatione
607 2466 787 2510 nostra
820 2456 1108 2511 formamus
1134 2475 1147 2511 :
1179 2457 1256 2510 sic
1278 2457 1416 2511 Deus
1442 2471 1562 2509 cum
1592 2470 1651 2509 se
1677 2456 1846 2523 ipsum
1876 2470 1970 2508 co-

381 2527 571 2594 gitavit
596 2568 611 2592 ,
654 2526 880 2582 similem
921 2529 1001 2581 sui
1029 2543 1123 2596 per
1148 2527 1326 2581 omnia
1364 2526 1647 2596 imaginem
1678 2526 1921 2579 formavit
1951 2542 1966 2591 ;

381 2605 439 2650 et
464 2596 588 2669 ideo
610 2597 723 2669 hoc
740 2597 975 2669 Verbum
1002 2598 1177 2669 imago
1205 2598 1284 2651 vel
1312 2597 1602 2669 similitudo
1631 2597 1723 2650 Dei
1753 2596 1967 2669 dieitur,

380 2667 479 2737 sed
511 2668 640 2721 nihil
677 2667 821 2721 aliud
851 2668 951 2722 nisi
977 2666 1163 2724 eadem
1193 2667 1422 2723 essentia
1452 2668 1785 2737 exprimitur.
1819 2666 1970 2723 Unde

384 2745 440 2792 et
464 2736 567 2809 hoc
590 2738 827 2809 vg'bgm
844 2738 1035 2809 dicitur
1061 2740 1211 2809 quasi
1241 2756 1365 2793 vere
1389 2736 1607 2791 bonum.

453 2806 680 2863 CAPUT
732 2807 848 2862 XV.
902 2808 1003 2875 Qui
1052 2806 1132 2865 res
1169 2810 1329 2862 omnis
1359 2818 1526 2862 creata
1570 2810 1623 2861 in
1658 2807 1818 2862 Verbo
1844 2808 1966 2862 vita.

381 2876 528 2949 DISC.
561 2877 839 2949 Quomodo
881 2879 1106 2946 dicitur,
1155 2880 1326 2934 Omne
1353 2879 1494 2949 quod
1542 2878 1737 2933 factum
1775 2878 1879 2944 sit,
1916 2879 1969 2932 in

378 2948 498 3020 ipso
539 2947 885 3020 vitarfuerit’
916 2950 939 3001 ?
982 2950 1119 3004 Num
1165 2947 1383 3020 lapides
1400 2950 1488 3020 qui
1519 2948 1697 3005 stolidi
1731 2959 1888 3017 sunt,
1914 2949 1970 3008 in

380 3019 545 3073 verbo
579 3019 669 3073 Dei
698 3020 924 3074 vivunt?

451 3089 592 3145 MAG.
644 3088 832 3145 Omnis
874 3099 1117 3147 creatura
1160 3091 1359 3147 trifarie
1389 3090 1680 3147 subsistere
1723 3092 1915 3147 dicitur
1952 3111 1966 3148 :

380 3156 535 3287 (ciiln
568 3161 676 3218 Deo
698 3203 714 3231 ,
744 3161 795 3218 in
826 3177 886 3220 se
913 3163 1024 3235 ipsa
1053 3206 1069 3231 ,
1107 3163 1159 3220 in
1192 3162 1364 3219 nobis.
1406 3162 1465 3217 In
1498 3164 1607 3216 Deo
1634 3163 1743 3216 vita
1767 3163 1963 3217 immu-

380 3242 433 3287 ta
476 3234 589 3287 iIis.
631 3235 684 3287 in
719 3250 777 3287 se
806 3235 918 3287 insa
949 3235 1241 3287 substantia
1270 3232 1662 3287 commutabilis
1686 3275 1701 3287 .
1734 3233 1789 3287 in
1817 3234 1963 3287 nobis

379 3232 589 3296 tabilis,
631 3235 684 3288 in
719 3250 777 3289 se
806 3235 918 3303 ipsa
936 3232 1241 3290 substantia
1270 3232 1662 3289 commutabilis
1686 3275 1701 3301 ,
1734 3233 1789 3289 in
1817 3234 1971 3290 nobis

380 3305 682 3386 similitudo
706 3320 883 3386 rerum
920 3306 1291 3386 imaginabilis.
1322 3304 1482 3386 Verbi
1509 3306 1713 3386 gratia,
1748 3306 1879 3375 lapis
1915 3306 1970 3360 in

376 3389 438 3429 se
468 3376 582 3444 ipso
609 3385 691 3430 est
715 3376 1010 3431 substantia
1039 3376 1327 3443 mutabilis,
1357 3377 1478 3445 quia
1518 3376 1571 3430 in
1599 3376 1804 3431 calcem
1835 3389 1968 3430 con-

377 3446 642 3516 vertibilis
671 3486 687 3509 ,
731 3446 782 3499 in
825 3456 1006 3501 nostra
1046 3446 1368 3516 cogitatione
1407 3445 1698 3501 similitudo
1740 3445 1965 3515 lapidis,

378 3515 434 3570 in
492 3525 607 3571 arte
664 3517 757 3570 Dei
798 3518 1031 3572 essentia
1076 3515 1479 3572 interminabilis
1522 3517 1643 3571 vitae
1689 3516 1965 3570 durabilis.

378 3584 515 3641 Cum
547 3587 690 3641 enim
712 3586 902 3642 artifex
926 3587 1143 3641 domum
1172 3588 1345 3641 facere
1374 3588 1608 3657 cogitat,
1640 3586 1750 3655 jam
1776 3586 1969 3657 domus

378 3657 433 3727 in
472 3658 586 3727 ipsa
611 3665 726 3711 arte
754 3657 882 3710 vivit
910 3698 924 3719 ,
951 3673 1109 3726 quam
1142 3655 1477 3727 postmodum
1506 3672 1695 3711 manus
1719 3655 1965 3712 aediﬁcat.

375 3726 486 3799 Sed
512 3727 600 3781 illa
641 3740 799 3799 quam
830 3742 1021 3781 manus
1048 3726 1211 3799 erigit
1224 3734 1534 3799 ,Jcorruet;
1579 3727 1667 3799 illa
1695 3742 1823 3799 vero
1850 3744 1969 3799 qua:

373 3796 434 3853 in
478 3806 591 3863 arte
638 3796 802 3861 vivit,
852 3796 1150 3867 permanet:
1190 3796 1333 3867 Nihil
1372 3798 1568 3867 quippe
1603 3797 1744 3852 aliud
1774 3796 1970 3854 est'ars

374 3882 539 3938 quam
564 3867 740 3921 anima
765 3909 781 3933 ,
823 3866 878 3922 et
904 3868 1081 3923 anima
1126 3866 1257 3923 nihil
1300 3866 1445 3923 aliud
1476 3882 1633 3938 quam
1658 3869 1766 3923 vita
1797 3868 1817 3899 ³
1848 3888 1860 3923 :
1890 3869 1971 3925 sic

378 3936 615 4009 Verbum
649 3938 741 3993 Dei
771 3938 901 3993 nihil
928 3939 1069 3995 aliud
1099 3949 1182 3994 est
1212 3954 1371 4009 quam
1410 3936 1661 4009 arsicjus,
1691 3946 1747 3994 et
1771 3954 1858 3994 ars
1888 3941 1969 3994 ni-

380 4007 461 4063 hil
490 4008 630 4063 aliud
654 4018 735 4063 est
763 4025 920 4079 quam
946 4010 1060 4079 ipsa
1091 4011 1196 4065 vita
1228 4007 1244 4073 ξ
1267 4018 1321 4064 et
1344 4009 1400 4065 in
1426 4009 1525 4064 hac
1550 4007 1738 4065 cuncta
1778 4009 1971 4065 immu-

380 4079 624 4152 tabiliteri
656 4082 1061 4152 permanebunt,
1114 4096 1235 4152 quae
1265 4080 1319 4136 in
1372 4080 1666 4136 substantia
1717 4082 1798 4137 sui
1847 4098 1967 4137 tnu-

378 4150 564 4204 tabilia
593 4149 863 4205 deﬁciunt.

447 4219 672 4294 CAPUT
712 4221 848 4294 XVI.
886 4221 989 4288 Qui
1027 4220 1193 4294 solum
1235 4220 1453 4277 Verbum
1488 4221 1748 4277 incarnari
1786 4224 1965 4294 potuit.

373 4290 520 4349 Dtsc.
549 4290 682 4346 Cum
711 4293 929 4348 evidens
952 4292 1090 4347 ratio
1130 4292 1271 4348 idem
1298 4294 1530 4349 Verbum
1565 4309 1687 4348 cum
1728 4290 1887 4349 Patre
1916 4305 1971 4351 et

374 4362 579 4434 Spiritu
616 4373 810 4434 sancto
832 4405 846 4428 ,
880 4378 1040 4418 unam
1070 4362 1395 4418 individuam
1441 4364 1790 4419 substantiam
1822 4366 1971 4421 inex-

374 4432 734 4506 pugnabiliter
765 4434 1086 4506 probaverit,
1110 4435 1377 4506 quomodo
1399 4436 1568 4489 solum
1584 4435 1846 4490 incarnari
1876 4453 1970 4506 po-

374 4505 477 4558 tuit
502 4507 525 4557 ?
552 4504 606 4559 Si
634 4506 773 4559 enim
801 4519 831 4558 a
862 4505 1031 4559 Patris
1056 4513 1109 4558 et
1152 4505 1381 4573 Spiritus
1420 4506 1589 4561 sancti
1628 4507 1860 4561 essentia
1878 4504 1971 4562 ‘est

371 4585 678 4643 separatum
704 4616 719 4640 ,
760 4582 815 4629 et
848 4574 926 4629 sic
969 4575 1312 4645 singulariter
1346 4576 1748 4631 inhumanatum
1779 4594 1794 4645 ;
1834 4591 1968 4633 con—

368 4653 480 4698 stat
520 4645 760 4711 profecto
796 4645 942 4716 quod
975 4644 1148 4716 Patris
1196 4653 1251 4700 et
1277 4645 1397 4700 Filii
1436 4655 1491 4701 et
1532 4646 1762 4716 Spiritus
1798 4649 1970 4705 sancti

370 4716 671 4790 substantia
703 4731 808 4790 non
837 4715 909 4770 sit
934 4714 1234 4783 individua,
1262 4732 1382 4788 qua:
1409 4714 1590 4789 petuit
1607 4718 1717 4788 pati
1746 4732 1967 4790 separa-

371 4787 534 4841 tionis
563 4785 890 4839 discrimina.

445 4858 582 4912 MAG.
621 4856 1118 4931 Sicutiscmpiterna
1143 4858 1311 4931 virtus
1329 4858 1617 4931 divinitatis
1644 4874 1741 4929 per
1764 4873 1831 4931 ea
1848 4874 1967 4931 qua:

368 4926 512 5011 facta
559 4926 990 5011 conspiciuntur,
1035 4937 1213 5011 potest
1255 4926 1713 5011 inielligii(Roin.
1738 4946 1778 4994 ι,
1808 4926 1963 5011 20');

367 4999 454 5072 sic
486 4998 592 5072 hoc
638 4998 955 5069 profundum
985 4998 1157 5072 nimis
1183 4998 1447 5055 occultum
1479 4999 1502 5031 ⁸
1530 4998 1627 5070 per
1653 5015 1716 5056 ea
1745 5016 1865 5072 qua:
1895 4998 1965 5059 in

370 5069 529 5124 nobis
566 5078 823 5141 geruntur
850 5111 866 5136 ,
898 5070 1105 5126 ratione
1139 5078 1505 5141 perscrutante
1528 5069 1725 5142 poterit
1751 5069 1963 5145 inspici.

435 5202 452 5232 ί
491 5202 561 5250 sic
578 5208 683 5251 Mss.
709 5206 766 5250 At
799 5200 947 5263 editi,
973 5200 1170 5252 creavit.

434 5264 455 5295 ³
490 5270 564 5312 Er.
587 5263 737 5334 _Lu_g*d:
766 5270 1059 5334 V'en:_l.ov.:_
1085 5274 1243 5334 Quare
1278 5263 1493 5329 dicitur,
1532 5274 1683 5320 omne
1720 5268 1852 5333 quod
1884 5270 1961 5334 ra-

364 5329 501 5390 ctum
522 5330 616 5390 rest,
640 5325 691 5375 iit
712 5325 818 5390 ipso
841 5326 937 5390 vita
954 5332 1059 5377 erat
1082 5325 1115 5377 ?'
1170 5335 1225 5377 Μ.

427 5388 456 5459 ,⁸
488 5389 561 5459 sic
588 5397 695 5459 iuss.
728 5388 785 5436 At
809 5389 1150 5459 _editi,__quam
1192 5402 1276 5441 ars
1321 5390 1457 5456 ejus,
1507 5397 1555 5445 et
1593 5406 1675 5446 ars
1696 5393 1801 5455 ejus
1841 5393 1967 5448 nihil

366 5448 504 5515 aliud
527 5456 598 5515 est
634 5463 779 5511 quam
801 5452 909 5515 ipsa
930 5448 1040 5502 vita.

438 5514 459 5579 ῗ
488 5512 636 5579 βάίιιν
660 5512 957 5579 ρνοΐωὶάαηι
987 5513 1268 5579 mysterium
1290 5521 1339 5569 et
1360 5516 1618 5571 occultum.

456 5575 507 5641 ᾳ)
543 5575 757 5641 anselmi
783 5576 1019 5641 Monolog.
1037 5575 1149 5641 cap.
1174 5578 1256 5630 59.

460 5634 508 5700 b)
543 5635 660 5700 Ibid.
684 5650 790 5700 cap.
818 5638 893 5688 ιο.

443 5696 503 5757 Ec)
536 5696 651 5750 Ibid.
676 5696 783 5763 cap.
806 5699 973 5753 54-56.

1886 202 2255 265 APPENDIX.
2471 266 2478 272 .
2492 249 2497 253 -
2648 212 2662 280 ξ

3534 211 3661 273 iﬁlli

2090 322 2306 399 Notum
2324 330 2409 382 est
2440 326 2596 399 enim
2623 324 2768 399 quod
2806 326 3035 384 humana
3062 338 3219 385 mens
3254 327 3481 387 verbum
3523 344 3660 389 com-

2087 396 2264 471 munis
2291 396 2570 452 locutionis
2610 396 2679 471 ei
2697 413 2757 454 se
2779 400 3058 470 cogitando
3080 400 3277 471 gignit,
3309 410 3367 458 et
3394 402 3533 457 idem
3559 419 3665 460 ver-

2086 465 2213 521 bum
2240 468 2293 522 in
2320 478 2501 525 mente
2530 477 2584 524 et
2610 469 2665 524 in
2698 465 2954 525 memoria
2982 465 3275 527 simul'una
3305 475 3537 529 essentia
3562 478 3664 530 exii

2086 539 2198 592 stit.
2226 537 2359 593 Cum
2387 554 2517 596 vero
2544 555 2696 595 mens
2733 541 2955 596 verbum
2992 556 3145 597 suum
3176 543 3296 598 aliis
3339 544 3663 602 innotescere

2085 609 2269 679 cupit,
2298 624 2420 683 cum
2449 610 2636 666 eadem
2677 611 2993 681 cogitatione
3016 654 3031 679 ,
3077 628 3198 683 quae
3236 614 3368 669 nihil
3409 617 3553 671 aliud
3588 629 3661 673 est

2085 693 2244 756 quam
2268 681 2488 756 verbum
2514 697 2700 749 suum,
2724 690 2923 756 etcum
2954 681 3213 756 memoria
3239 685 3494 756 disponit,
3525 690 3657 756 quod

2085 749 2229 807 idem
2252 753 2473 826 verbum
2490 753 2857 826 corpusvocis
2882 753 3072 826 induit,
3095 764 3150 810 et
3171 749 3390 812 auribus
3414 749 3657 826 audibile,

2086 830 2143 895 et
2183 821 2432 895 cordibus
2472 821 2797 879 audientium
2844 821 3063 881 visibile’
3092 827 3366 895 procedit,
3412 838 3467 884 et
3509 821 3661 885 etiam

2085 891 2275 967 litteris
2311 908 2503 967 corpus
2530 909 2684 949 suum
2713 896 2862 967 ligari
2891 904 2946 950 et
2974 891 3141 952 videri
3177 891 3435 967 permittit
3463 918 3477 967 ;
3508 909 3565 954 et
3589 909 3663 955 ta-

2083 978 2208 1018 men
2238 964 2498 1019 invisibile
2522 964 2778 1032 manens,
2809 965 2877 1021 de
2900 967 3133 1022 essentia
3162 964 3355 1024 mentis
3374 982 3429 1024 et
3461 964 3663 1025 memo-

2084 1034 2177 1109 riae
2207 1050 2313 1089 non
2338 1035 2557 1109 recedit.
2576 1036 2691 1109 Non
2713 1051 2843 1109 ergo
2869 1052 3023 1093 mens
3049 1053 3223 1109 neque
3249 1042 3505 1095 memoria
3525 1082 3541 1107 ,
3572 1041 3661 1098 sed

2083 1106 2514 1181 solum__verbum
2554 1106 2893 1181 singulariter
2933 1106 3253 1181 sonuit—per
3290 1126 3485 1181 corpus
3525 1106 3662 1169 vocis

2081 1176 2333 1231 sensibile
2361 1192 2376 1241 ;
2402 1186 2456 1232 et
2481 1176 2663 1233 tamen
2694 1178 3119 1247 inseparabiliter
3142 1176 3340 1236 mansit
3364 1176 3417 1236 in
3436 1183 3660 1239 essentia

2081 1247 2277 1301 mentis
2297 1256 2353 1302 et
2370 1249 2640 1304 memorizn
2665 1249 2948 1305 invisibile.
2976 1248 3065 1307 Sic
3093 1266 3333 1307 summus
3355 1252 3517 1309 Pater
3537 1253 3662 1309 Ver-

2080 1314 2206 1393 bum
2239 1332 2483 1393 suumse
2511 1319 2993 1393 ipsumcogitando
3036 1324 3250 1391 genuit,
3287 1323 3431 1393 quod
3480 1324 3536 1378 in
3566 1324 3659 1378 Pa-

2080 1388 2178 1443 tris
2202 1397 2256 1443 et
2285 1388 2514 1459 Spiritus
2534 1388 2707 1446 sancti
2733 1388 2964 1446 essentia
2988 1388 3148 1449 simul
3166 1388 3521 1449 coessentiale
3545 1395 3662 1450 sub-

2079 1460 2220 1531 sistit
2251 1476 2280 1531 ;7
2309 1460 2403 1515 sed
2457 1470 2633 1516 tamen
2679 1478 2779 1517 nec
2823 1462 2982 1518 Pater
3009 1477 3107 1518 nec
3147 1463 3373 1531 Spiritus
3411 1474 3658 1531 sanctus,

2082 1481 2264 1524 sistit;
2309 1481 2403 1515 seu
2457 1481 2633 1516 tamen
2679 1481 2779 1517 nec
2823 1481 2982 1518 rater
3009 1481 3107 1518 nec
3147 1481 3184 1519 δ
3222 1481 3373 1519 intus
3411 1481 3658 1531 sanctus,

2082 1530 2175 1584 sed
2190 1530 2379 1606 solum
2416 1531 2648 1587 Verbum
2678 1531 2824 1606 quod
2850 1541 2932 1606 est
2974 1532 3157 1589 Patris
3182 1481 3351 1590 lgibus
3388 1536 3663 1606 singulari.

2080 1607 2163 1673 ter
2190 1600 2475 1673 humanum
2508 1600 2712 1673 corpus
2739 1603 2944 1670 induit,
2981 1606 3235 1661 sensibile
3261 1600 3565 1661 hominibus
3607 1622 3662 1663 se

2080 1671 2349 1756 exhibuii,
2408 1671 2911 1756 corpusghsumptum
2960 1675 3175 1756 indigna
3222 1677 3329 1756 pati
3378 1678 3659 1756 permisit;

2080 1741 2253 1819 ipsum
2298 1741 2722 1819 inseparabiliter
2763 1741 2817 1799 in
2844 1741 3099 1819 essentia
3134 1741 3309 1802 Patris
3336 1741 3394 1804 ei
3434 1741 3660 1819 Spiritus

2078 1815 2246 1885 sancti
2272 1815 2533 1869 invisibile
2562 1825 2615 1870 et
2641 1816 2946 1885 impassible
2970 1819 3285 1885 permansit.

2148 1884 2376 1958 CAPUT
2428 1886 2592 1958 XVII.
2642 1884 2745 1941 Cur
2776 1884 3058 1958 ‘amorDei
3083 1888 3310 1958 Spiritus
3354 1897 3402 1944 et
3429 1906 3523 1944 cur
3546 1906 3663 1944 san-

2076 1956 2381 2032 ctus.‘D1sc.
2409 1957 2523 2032 Qua
2557 1966 2732 2013 autem
2759 1957 3108 2015 similitudine
3132 1956 3292 2016 amor
3316 1960 3412 2017 Dei
3434 1960 3661 2032 Spiritus

2077 2026 2384 2082 nominatur
2409 2031 2432 2081 ’ρ

2148 2096 2285 2154 MAG.
2318 2098 2412 2153 Dei
2447 2100 2731 2155 essentiam
2770 2098 2879 2155 dixi
2923 2112 3043 2157 esse
3084 2100 3269 2157 vitam.
3306 2101 3446 2157 Vera
3481 2110 3659 2159 autem

2076 2166 2185 2242 vita
2212 2180 2270 2222 se
2299 2168 2489 2242 vivere
2505 2170 2763 2242 intelligit
2791 2187 2806 2237 ;
2851 2179 2907 2226 et
2934 2171 2980 2226 si
3006 2186 3067 2227 se
3094 2172 3256 2227 vitam
3287 2173 3569 2242 intelligit,
3600 2190 3658 2229 se

2076 2238 2265 2326 iliitlile
2281 2239 2471 2326 diligit.
2496 2240 2597 2326 pei
2619 2238 2796 2297 autem
2818 2242 3002 2326 vivere
3022 2242 3361 2326 ,jiitelligere
3377 2285 3392 2311 ,
3419 2238 3657 2326 diligere,

2075 2307 2208 2382 nihil
2248 2319 2331 2365 est
2369 2307 2512 2366 aliud
2549 2326 2709 2381 quam
2747 2311 2997 2367 existere.
3024 2307 3262 2369 ’Dilectio
3290 2307 3420 2382 ergo
3450 2307 3537 2369 Dei
3570 2307 3656 2370 est

2074 2380 2181 2433 vita
2200 2422 2214 2446 ,
2262 2391 2317 2436 et
2341 2382 2448 2454 vita
2482 2380 2583 2438 esti
2608 2382 2844 2452 spiritus.
2886 2384 2950 2438 Et
2978 2384 3100 2454 quia
3126 2383 3267 2438 Deus
3292 2380 3392 2454 per
3416 2384 3655 2439 dilectio-

2075 2464 2197 2504 nem
2227 2453 2430 2508 cunctis
2459 2468 2579 2525 esse
2604 2454 2687 2509 vel
2724 2454 2906 2509 vivere
2949 2453 3169 2525 tribuit,
3198 2453 3417 2525 idcirco
3443 2456 3659 2525 spiritus

2074 2531 2423 2593 nuncupatur.
2471 2522 2596 2579 Ideo
2632 2532 2823 2597 autem
2859 2531 3074 2581 sanctus
3108 2524 3352 2593 additur,
3396 2522 3515 2597 quia
3535 2541 3661 2581 cun-

2030 2626 2035 2633 ς
2073 2600 2157 2646 cta
2198 2609 2291 2659 per
2319 2610 2439 2649 cum
2479 2594 2891 2649 sanctiﬁcantur.

2144 2661 2371 2735 CAPUT
2411 2665 2597 2719 XVIII.
2643 2664 2869 2735 Spiritus
2888 2676 3094 2721 sanctus
3121 2666 3338 2735 qualiter
3374 2684 3407 2721 α
3433 2667 3595 2723 Patre
3618 2676 3660 2723 et

2074 2731 2230 2811 filio.
2257 2734 2529 2811 Quatenus
2551 2737 2605 2811 in
2625 2731 2789 2811 specie
2808 2738 3049 2811 columbi:
3066 2731 3145 2792 vel
3162 2739 3328 2811 ignis;
3338 2738 3486 2811 Dtsc.
3519 2739 3659 2806 Qua-

2073 2802 2201 2928 iiéei;
2229 2806 2487 2914 probatur
2516 2807 2603 2863 hic
2644 2802 2873 2877 Spiritus
2915 2823 2947 2863 a
2986 2809 3140 2864 Patre
3181 2802 3237 2887 et
3286 2809 3424 2865 Filio
3465 2802 3661 2881 proce-

2112 2888 2246 2929 CFG?

2145 2945 2290 3022 M_.i_c._
2325 2946 2466 3003 Nihil
2497 2949 2639 3022 aliud
2665 2949 2893 3022 Spiritus
2920 2959 3132 3022 sanctus
3152 2992 3168 3019 ,
3195 2966 3355 3022 quam
3389 2966 3545 3008 amor
3566 2952 3660 3009 Dei

2074 3016 2414 3093 inteiligitui',
2458 3020 2596 3076 unde
2626 3029 2680 3076 et
2708 3016 2860 3076 'Deus
2885 3021 3118 3077 Charitas
3154 3016 3349 3077 dicitur
3410 3024 3465 3093 (l
3499 3024 3658 3079 loan.

2074 3101 2150 3150 tv,
2342 3089 2563 3164 Constat
2608 3100 2784 3164 autem
2814 3092 2934 3164 quia
2964 3092 3123 3147 Pater
3162 3093 3354 3147 Filium
3399 3088 3456 3148 ut
3486 3110 3547 3148 se
3577 3096 3656 3164 ip-

2073 3171 2191 3234 sum
2212 3158 2382 3234 diligit
2405 3201 2423 3234 _,
2452 3171 2507 3216 et
2545 3161 2670 3234 item
2697 3158 2864 3216 Filius
2901 3162 3111 3217 Patrem
3153 3173 3403 3234 tanquam
3458 3158 3660 3220 semet-

2073 3226 2249 3305 ipsum
2275 3226 2449 3305 diligit
2474 3249 2504 3305 ;_
2519 3232 2624 3287 vita
2659 3246 2889 3305 namque
2915 3234 3089 3304 diligit
3117 3248 3176 3290 se
3203 3226 3421 3305 sapere,
3443 3245 3499 3289 et
3526 3236 3656 3291 item

2072 3300 2330 3375 sapientia
2359 3300 2531 3373 diligit
2572 3315 2633 3358 se
2668 3300 2848 3375 vivere
2879 3321 2893 3358 :
2921 3300 3044 3359 vitae
3072 3300 3345 3375 autem'et
3382 3300 3652 3375 sapientia

2072 3370 2427 3445 probata_est
2460 3370 2573 3429 una
2623 3373 2855 3431 essentia
2902 3389 3041 3430 esse.
3098 3374 3262 3445 Igitur
3308 3370 3513 3431 dilectio
3557 3374 3656 3430 vel

2072 3452 2231 3528 esse
2250 3442 2333 3528 νς]
2353 3442 2794 3528 emensum
2818 3454 2903 3502 εει
2923 3442 3151 3528 Spiritui
3175 3454 3417 3528 μηρίων
3442 3446 3503 3528 in
3522 3445 3657 3528 sub:

2072 3512 2266 3566 stantia
2287 3512 2460 3568 Patris
2484 3524 2538 3570 et
2565 3512 2689 3571 Filii
2710 3512 3076 3573 coessentialis
3107 3517 3288 3572 existit
3313 3534 3328 3584 ;
3358 3527 3413 3573 et
3441 3516 3568 3573 ideo
3594 3516 3659 3573 ab

2074 3591 2301 3656 utroque
2325 3586 2601 3656 aequaliter
2628 3588 2887 3656 procedit.

2146 3653 2291 3709 DISC.
2323 3654 2378 3710 Si
2409 3653 2640 3724 Spiritus
2672 3668 2890 3713 sanctus
2917 3658 3062 3713 Patri
3091 3667 3146 3714 et
3172 3657 3308 3714 Filio
3327 3658 3658 3715 coessentia-

2072 3722 2140 3779 Iis
2164 3725 2343 3800 esistit
2370 3766 2386 3793 ,
2415 3722 2683 3800 quomodo
2707 3728 2775 3783 ab
2804 3728 3075 3800 individua
3103 3729 3395 3785 substantia
3420 3730 3659 3800 separari

2112 3797 2286 3871 omit,
2338 3810 2472 3871 eum
2498 3799 2563 3871 in
2623 3799 3117 3871 specieicolumbze
3163 3815 3322 3871 super
3375 3797 3659 3855 Dominum

2120 3864 2306 3943 Manli.
2340 3881 2418 3943 in,
2452 3868 2520 3923 l6
2540 3864 2707 3943 )Lv'el
2732 3869 2790 3925 in
2812 3868 2984 3926 forma
3009 3871 3146 3943 ignis
3172 3864 3333 3942 super
3369 3872 3659 3942 Apostolos

2072 3938 2317 4009 apparuit
2341 3935 2487 4008 (Act.
2510 3935 2686 4009 11,5).

2144 4007 2282 4065 MAG.
2328 4007 2556 4079 Spiritus
2582 4007 2752 4066 sancti
2777 4011 3071 4068 substantia
3100 4028 3205 4069 non
3231 4020 3315 4069 est
3368 4013 3425 4069 in
3455 4014 3660 4070 colum-

2073 4077 2195 4133 bam
2217 4079 2299 4151 vel
2323 4077 2495 4151 ignem
2520 4090 2887 4151 transmutata,
2910 4083 3044 4139 sicut
3064 4099 3164 4139 nec
3186 4082 3350 4139 Verbi
3367 4085 3419 4139 in
3440 4098 3656 4142 carnem

2072 4148 2447 4226 transformata
2472 4168 2496 4226 _:
2541 4151 2636 4208 sed
2661 4148 2895 4226 Spiritus
2917 4163 3133 4210 sanctus
3170 4154 3438 4212 columba:
3463 4169 3655 4226 corpus

2072 4220 2440 4297 condidit_(_o),
2470 4222 2659 4297 inquo
2686 4220 2745 4278 se
2773 4224 2839 4297 ad
2869 4224 3253 4297 horamsuper
3272 4241 3471 4297 corpus
3498 4220 3657 4281 Verbi

2076 4288 2501 4353 inseparabiliter
2529 4294 2546 4324 ¹
2570 4288 2640 4348 ad
2667 4295 3027 4350 testimonium
3057 4288 3657 4353 hominibus'visibilem

2113 4362 2299 4432 rtcbuit
2328 4402 2343 4428 ,
2386 4362 2500 4432 ipse
2546 4379 2674 4419 vero
2715 4366 2993 4421 invisibilis
3033 4368 3087 4422 in
3129 4369 3364 4424 essentia
3394 4367 3571 4423 Patris
3606 4374 3656 4422 et

2124 4431 2259 4521 erlii
2267 4431 2697 4521 inseparabiliter
2725 4436 2937 4521 mansit.
2984 4438 3202 4521 animas
3241 4453 3461 4521 quoque
3496 4438 3654 4521 disci:

2073 4502 2320 4626 Pulcrum
2372 4502 2592 4561 interius
2640 4507 2950 4576 possidens,
2986 4508 3112 4563 foris
3138 4502 3388 4626 speciem.
3415 4511 3554 4581 ignis
3575 4507 3654 4563 vel

2097 4573 2290 4626 uminis
2314 4575 2484 4626 oculis
2517 4576 2790 4626 hominum
2815 4592 2913 4626 nro
2932 4578 3083 4626 signo
3107 4594 3170 4626 ex
3195 4580 3367 4626 libuit-
3397 4590 3453 4626 et
3482 4591 3647 4626 tamen

2097 4573 2290 4648 umiois
2314 4575 2484 4648 oculis
2495 4573 2790 4648 Abominum
2815 4592 2913 4648 pro
2932 4573 3083 4648 Signo
3107 4573 3368 4646 exhibuit,
3397 4573 3463 4636 cf
3482 4591 3649 4635 tamen

2073 4657 2104 4721 ξι
2154 4644 2448 4721 substantia
2491 4646 2664 4721 Patris
2706 4658 2761 4702 et
2798 4644 2919 4721 [iiii
2964 4644 3072 4703 non
3100 4644 3372 4717 recessit;
3412 4650 3644 4721 profecto

2071 4713 2347 4770 insinuans
2375 4716 2515 4792 quod
2545 4717 2704 4774 Pater
2732 4726 2786 4773 et
2813 4717 2979 4773 Filius
3004 4733 3100 4792 per
3131 4736 3254 4776 eum
3283 4713 3500 4792 peccata
3526 4733 3650 4776 con-

2073 4796 2332 4861 sumunt,
2378 4796 2433 4842 et
2458 4789 2530 4861 in
2573 4803 2759 4843 eorum
2786 4803 3027 4861 amorem
3056 4789 3333 4847 hominum
3358 4793 3521 4847 corda
3557 4805 3649 4861 per

2072 4854 2264 4935 ipsum
2276 4859 2576 4935 accendunt
2606 4877 2621 4927 ;
2649 4868 2705 4915 et
2729 4860 2870 4935 quod
2897 4862 3089 4935 impios
3112 4878 3209 4935 per
3228 4878 3354 4935 eum
3380 4864 3447 4918 ad
3478 4854 3643 4935 ignem

2074 4926 2380 5007 iudicabunt
2406 4970 2422 4997 ,
2441 4930 2617 5001 justos
2635 4926 2762 4986 vero
2790 4926 2993 4989 lumine
3012 4926 3134 4989 vitae
3159 4933 3214 4989 in
3241 4934 3359 5004 ipso
3386 4926 3647 5007 gloriﬁca—

2110 5008 2222 5054 unt.

2142 5069 2369 5128 CAPUT
2396 5070 2645 5145 XIX.iDe
2668 5074 2958 5143 wqualitate
2985 5091 3335 5145 personarum.
3365 5075 3466 5131 Cur
3495 5074 3651 5128 deitas

2068 5139 2309 5215 virtuium
2348 5143 2603 5199 vocabulis
2632 5139 2734 5199 non
2774 5139 2995 5199 colatur:
3036 5147 3180 5203 Dtsc.
3212 5147 3487 5215 Quomodo
3522 5160 3652 5200 con-

2069 5212 2299 5288 sta_t_has
2328 5228 2584 5288 personas
2614 5230 2735 5271 esse
2764 5217 2994 5286 aequales
3033 5216 3058 5270 ?

2140 5283 2281 5341 MAG.
2328 5283 2497 5361 '_I_)_eus_
2532 5294 2632 5361 est
2664 5283 2872 5342 summa
2917 5288 3057 5354 vita,
3100 5302 3323 5361 summa
3365 5287 3646 5361 sapientia,

2026 5366 2029 5369 '
2068 5369 2279 5412 summa
2320 5354 2556 5412 dilectio.
2596 5356 2867 5425 Quantum
2907 5372 3034 5431 ergo
3076 5360 3184 5416 vita
3223 5360 3392 5429 vivit,
3424 5354 3644 5415 'tantunt

2133 5580 2322 5659 iﬁlli:
2346 5593 2433 5659 P9?
2476 5594 2651 5659 ερηριρδ
2682 5584 2795 5659 sibi.
2816 5584 3195 5657 ὺιδεραναῡιιαεν
3217 5594 3404 5644 tantum
3422 5588 3498 5659 σάν
3538 5592 3643 5647 de

2068 5649 2285 5708 Fortasse
2303 5679 2318 5703 ,
2341 5645 2672 5708 separabililer
2695 5648 2896 5698 unitum.

2135 5706 2209 5770 (α)
2243 5708 2326 5759 uie
2341 5706 2522 5761 desinit
2538 5710 2702 5763 versio
2724 5723 2902 5775 graeca.
