3804 6358
140 260 244 322 1017

134 373 415 447 seintelligit
444 379 504 431 et
525 365 823 447 tantum'se
839 370 1027 447 diligit.
1060 367 1118 428 Si
1142 370 1285 427 enim
1310 385 1422 428 non
1461 379 1670 429 tantum

133 464 184 505 se
211 445 428 516 intelligit
465 454 730 516 quantum
766 445 921 509 vivit,
959 448 1292 516 nequaquam
1339 457 1546 498 summa
1586 458 1674 500 sa-

130 513 413 601 piemiaerit
441 533 457 581 ;
484 513 563 572 'et
588 518 637 571 si
666 530 768 601 non
798 523 998 601 tantum
1026 513 1579 601 .se‘diligitﬁque‘ntum
1611 529 1671 571 se

128 583 377 660 intelligit,
405 602 620 643 summa
663 586 874 660 dilectio
913 585 1131 639 minime
1172 583 1371 660 eaisiit.
1404 583 1507 640 Sed
1546 600 1668 660 eum

124 655 604 731 ipsius'substantia
644 657 920 713 verissime
966 670 1235 731 summum
1262 655 1486 731 Abouum
1534 655 1604 710 sit
1650 674 1666 724 ;

119 726 295 786 summa
330 737 505 785 autem
554 729 661 783 vita
681 770 697 796 ,
728 737 781 782 et
806 741 1012 782 summa
1051 726 1308 795 sapientia
1335 766 1350 790 ,
1376 735 1431 782 et
1458 741 1665 783 summa

120 801 304 859 dilectio
326 816 432 856 non
462 800 566 854 nisi
594 800 646 853 in
672 813 882 853 summo
907 798 1048 853 bono
1072 797 1293 852 inveniri
1326 797 1493 867 possit
1517 814 1532 862 ;
1568 812 1665 852 ue-

115 875 320 928 wssario
340 872 577 941 sequitur
601 880 709 925 tres
734 884 1025 941 personas,_
1043 868 1215 941 Patris
1241 868 1505 941 gignentis
1528 909 1544 935 ,
1577 868 1667 923 Fi-

113 943 159 998 lii
185 944 352 1013 geniti,
381 938 609 1012 Spiritus
636 938 812 1013 sancti
833 938 1316 1013 procedentis,_per
1343 939 1519 1013 omnia
1544 953 1664 1013 esse

111 1008 356 1083 aequales,
400 1008 454 1068 e't
482 1013 534 1066 iu
580 1026 684 1066 una
718 1008 1010 1080 eadquue
1053 1008 1323 1064 individua
1367 1010 1660 1065 substantia

107 1098 349 1139 summum
375 1085 574 1138 bonum
598 1083 909 1137 existentes.

164 1119 445 1210 Eligilt:
470 1119 627 1208 inulii;
652 1119 924 1207 vocabulis
949 1150 1116 1222 magis
1135 1150 1305 1208 denas
1326 1154 1681 1217 veneram”;

106 1240 211 1280 cum
238 1225 601 1281 misericordia
639 1232 694 1279 et
728 1222 932 1290 justitia
969 1231 1025 1278 et
1045 1231 1254 1277 caetera:
1280 1222 1504 1278 virtutes
1546 1223 1661 1293 ejus

100 1297 328 1351 essentize
354 1294 740 1365 assignentur?

156 1367 285 1423 MAG.
326 1363 581 1434 Quia—illa
625 1364 818 1420 suntei
866 1364 1080 1433 proprie
1104 1363 1394 1419 secundum
1437 1377 1497 1419 se
1527 1364 1657 1420 sub-

94 1438 362 1503 stantialia,
417 1438 520 1492 ista
573 1450 702 1490 vero
743 1434 1033 1489 secundum
1072 1450 1172 1489 nos
1200 1435 1249 1489 ei
1289 1434 1656 1489 accidentalia.

92 1506 377 1563 Misericors
416 1522 651 1576 namque
685 1506 806 1560 inde
843 1505 1057 1569 dicitur,
1089 1521 1195 1559 non
1221 1507 1364 1574 quod
1403 1504 1656 1560 miserum

89 1590 172 1631 cor
195 1579 421 1642 habeat;
454 1575 1100 1647 sed’omnememiseriam
1128 1576 1285 1645 longe
1335 1592 1365 1631 a
1398 1575 1658 1647 Deoesse

86 1650 211 1705 ratio
234 1651 444 1719 probat.
478 1649 686 1703 Justum
713 1646 890 1719 autem
912 1646 1140 1700 humana
1165 1647 1361 1719 locutio
1387 1646 1652 1719 nominat,

82 1719 159 1787 qui
188 1716 343 1774 bonis
368 1719 708 1783 bona,‘malis
728 1718 867 1771 mala
890 1725 1281 1787 recompensat.
1306 1718 1501 1771 Verum
1530 1716 1654 1786 quia

77 1785 209 1847 Deus
241 1791 455 1847 miseris
484 1790 539 1844 in
564 1789 795 1845 miseriis
819 1785 1087 1853 subvenit,
1119 1803 1316 1843 nomen
1354 1785 1656 1843 misericor-

84 1857 161 1913 dis
180 1862 260 1917 vel
304 1861 689 1916 misericordiae
726 1859 973 1929 accepit:
1023 1858 1265 1928 quamvis
1303 1859 1349 1913 si
1384 1872 1655 1927 nunquam

94 1931 255 2001 aliquis
286 1934 450 1987 miser
480 1931 686 1995 fuisset,
718 1930 811 1990 cui,
842 1928 1261 2001 misericordiam
1302 1928 1649 2001 impenderet,

102 1998 177 2057 non
204 2006 387 2057 minus
414 2012 594 2057 tamen
638 2003 690 2056 in
719 2001 1012 2056 substantia
1040 2000 1119 2053 sui
1152 2001 1262 2071 ipsa
1289 1998 1650 2071 misericordia

99 2075 343 2152 existeret.
372 2074 505 2141 Quia
532 2089 686 2152 vero
704 2070 1112 2152 justislargitur
1157 2070 1394 2152 praemia,
1445 2070 1653 2152 iniustis

95 2140 210 2215 iusta
239 2140 441 2215 irrogat
465 2140 754 2214 supplicia;
779 2143 924 2215 j_uste
950 2140 1166 2215 vocatur
1186 2140 1361 2215 j_ustus
1390 2140 1474 2196 vel
1488 2140 1653 2215 justi-

98 2212 156 2267 tia
190 2231 209 2267 ι
250 2211 426 2269 tamen
473 2211 740 2269 si'nullus
782 2211 919 2266 foret
951 2211 1034 2266 cui
1063 2212 1146 2266 vel
1171 2211 1394 2280 gloriam
1420 2211 1505 2265 vel
1540 2225 1654 2279 pm—

98 2297 201 2353 nam
228 2285 571 2353 impenderet,
603 2299 710 2339 non
741 2283 917 2337 minus
946 2282 1284 2353 ipsejustitia
1307 2282 1646 2337 subsisteret.

94 2350 162 2408 Sic
190 2356 262 2410 de
291 2350 495 2410 exteris
520 2356 806 2409 virtutibus
835 2352 1191 2407 sentiendum.

139 2425 366 2481 CAPUT
404 2424 524 2480 XX.
556 2426 737 2479 Annon
761 2424 917 2494 aliqui
948 2424 1226 2477 necessario
1271 2422 1440 2477 miseri
1469 2440 1489 2489 ;
1519 2422 1651 2478 Deus

92 2509 170 2549 rem
209 2507 398 2550 auctor
436 2497 582 2551 mali.
613 2496 760 2562 Quod
810 2493 917 2547 sine
939 2494 1131 2547 miseris
1148 2493 1349 2562 justitia
1386 2503 1431 2547 et
1457 2494 1652 2547 miseri-

90 2568 232 2637 cordia
258 2566 355 2621 Dei
380 2568 700 2637 manifestari
727 2574 929 2637 queant.
954 2565 1107 2637 _Dtst_:.
1134 2564 1269 2637 Hinc
1294 2564 1541 2637 emaxima
1567 2564 1646 2618 vi-

90 2636 213 2692 detur
240 2638 480 2708 quaestio
521 2634 855 2708 suboriri.ASi
895 2634 1521 2708 misericordia_Dei_uon
1547 2650 1647 2708 po:

89 2710 151 2779 luit
175 2704 431 2779 dignosci
466 2708 568 2762 nisi
599 2722 693 2779 per
722 2706 966 2779 miseros,
996 2720 1097 2779 nec
1112 2705 1325 2779 justitia
1359 2704 1475 2772 ejus
1523 2704 1649 2779 sciri

86 2778 150 2833 nisi
202 2775 309 2846 per
354 2775 718 2841 damnandos;
769 2776 978 2831 videtur
1038 2775 1415 2829 inevitabiliter
1456 2776 1645 2844 sequi,

85 2850 321 2916 quosdam
349 2849 659 2905 necessario
688 2848 911 2902 miseros
935 2846 1123 2910 factos,
1157 2861 1249 2916 per
1277 2861 1413 2914 quos
1439 2847 1649 2900 miseri-

83 2921 233 2975 turdi:
265 2921 365 2975 Dei
407 2919 761 2983 revelaretur,
804 2927 859 2973 et
891 2915 1150 2987 quosdam
1206 2917 1509 2987 necessario
1552 2916 1647 2971 da-

84 2992 347 3057 mnabilcs,
378 3006 479 3058 per
501 3004 634 3059 quos
644 2989 841 3059 justitia
861 2985 952 3042 Dei
968 2985 1411 3059 manifestaretuij.
1424 2986 1577 3059 Quod
1601 2987 1647 3041 si

82 3061 123 3113 ita
161 3072 273 3125 est,
309 3056 427 3128 jam
458 3056 656 3115 frustra
696 3058 1061 3128 prmdiCabitur
1090 3057 1285 3111 malum
1328 3056 1457 3109 nihil
1503 3072 1643 3123 esse,

81 3143 169 3187 cum
239 3127 381 3187 nihil
441 3127 818 3202 pejusepossit
873 3128 1158 3202 excogitari
1224 3127 1646 3202 qua_m_miseria

81 3203 413 3257 etdamnatio
436 3197 535 3256 {et
550 3203 591 3255 si
616 3197 716 3255 hoc
750 3215 848 3269 per
874 3199 1197 3253 validissima
1229 3197 1451 3251 rationis
1489 3213 1647 3267 argu-

80 3283 233 3328 menta
302 3288 415 3327 non
466 3272 850 3336 infirmabitur,
899 3269 1009 3338 jam
1056 3269 1195 3323 Deus
1235 3282 1499 3321 summum
1550 3269 1647 3323 ho-

80 3357 179 3398 num
210 3344 443 3398 minime
470 3342 827 3411 cognoscitur,
862 3340 967 3393 imo
995 3347 1178 3393 auctor
1207 3339 1337 3391 tanti
1366 3338 1489 3392 mali
1518 3353 1647 3411 eon-

78 3414 310 3470 vincitur.
360 3409 625 3468 Porro—si
674 3410 845 3466 noluit
870 3411 954 3465 vel
1004 3424 1110 3463 non
1145 3411 1325 3479 potuit
1362 3409 1647 3465 ostendere

79 3496 217 3537 suam
241 3483 663 3539 misericordiam
690 3482 792 3536 nisi
816 3483 869 3535 in
899 3480 1129 3544 miseris,
1150 3478 1420 3548 justitiam
1464 3480 1566 3533 nisi
1592 3480 1646 3535 in

78 3552 419 3619 damnandis;
455 3555 574 3624 quis
620 3568 725 3607 non
769 3552 947 3624 videat
970 3550 1144 3624 sequi,
1178 3564 1298 3624 eum
1326 3549 1646 3624 malevoium

79 3626 145 3679 vel
177 3619 553 3694 impotentem;
582 3624 635 3677 in
653 3637 779 3687 uno,
803 3621 945 3691 quod
970 3621 1166 3694 bonum
1188 3619 1297 3694 nisi
1329 3634 1422 3694 per
1446 3621 1645 3674 malum

78 3689 353 3751 ostendere
379 3695 636 3761 noluerit;
669 3694 725 3748 in
766 3689 957 3758 altero,
986 3691 1130 3760 quod
1155 3690 1308 3745 aliter
1340 3689 1515 3745 facere
1538 3704 1647 3746 non

78 3768 301 3832 potuerit
315 3768 339 3818 ἲ

122 3837 270 3893 huc.
305 3837 435 3906 Quis
455 3837 538 3892 vel
578 3833 953 3906 demensghaec
980 3837 1266 3906 praesumat
1292 3828 1491 3895 dicere,
1546 3830 1648 3906 mi-

80 3901 420 3963 sericordiam
444 3916 499 3962 et
517 3907 775 3976 justitiam
799 3905 890 3959 Dei
922 3901 1034 3976 nisi
1056 3916 1149 3971 per
1174 3901 1400 3956 miseros
1444 3901 1648 3976 et__da-

79 3979 327 4036 mnandos
381 3971 707 4033 mani-festari
758 3991 865 4031 non
895 3973 1164 4043 potuisse,
1196 3987 1316 4026 cum
1368 3971 1648 4028 manifeste

76 4060 276 4105 constet
303 4064 407 4105 nos
434 4049 671 4104 occultas
700 4046 912 4101 divitias
951 4059 1055 4099 non
1082 4043 1253 4097 solum
1284 4057 1380 4110 per
1405 4050 1644 4111 egentes,

74 4121 146 4174 sed
171 4122 341 4175 etiam
365 4136 461 4188 per
479 4118 811 4175 abundantes
834 4116 1203 4188 demonstrare
1222 4112 1411 4182 posse?
1428 4112 1481 4168 Si
1504 4114 1649 4188 enim

74 4192 325 4246 occultam
367 4183 609 4245 habuero
653 4188 953 4259 pecuniam,
992 4200 1118 4259 non
1143 4183 1264 4259 ideo
1288 4198 1509 4259 necesse
1547 4186 1650 4239 erit

76 4274 385 4331 quemquam
412 4254 698 4331 pauperem
724 4261 978 4331 existere,
1004 4256 1089 4331 cui
1104 4254 1378 4331 largiendo
1394 4269 1514 4331 eam
1537 4268 1649 4309 ma-

76 4324 309 4387 nifestam
338 4324 549 4397 fac'iam',
577 4346 699 4386 cum
727 4329 956 4398 idipsum
986 4326 1138 4398 diviti
1163 4324 1444 4398 tribuendo
1473 4324 1650 4398 facere

78 4415 289 4469 queam;
322 4403 419 4458 sed
445 4395 622 4471 potius
651 4402 695 4455 si
722 4395 939 4471 pauper
952 4395 1177 4471 quilibet
1202 4396 1437 4471 existens
1465 4395 1533 4449 ad
1562 4410 1649 4471 me

78 4465 293 4537 venerit,
326 4474 398 4528 de
427 4465 634 4527 occulta
656 4465 878 4541 pecunia
895 4470 943 4541 ei
968 4465 1391 4541 misericordiam
1413 4465 1649 4541 impendi

77 4534 354 4609 oportebit.
389 4543 583 4612 Sicque
608 4534 725 4611 ejus
762 4538 1095 4612 experientia
1119 4552 1205 4612 me
1232 4537 1437 4612 largum
1472 4544 1525 4589 et
1542 4534 1649 4612 _lo-_-

72 4605 325 4679 alpletem
353 4605 703 4683 comprobat;
735 4605 876 4683 quod
916 4609 1055 4683 idem
1077 4608 1139 4683 in
1157 4605 1328 4683 divite
1352 4620 1510 4683 posse
1536 4605 1650 4661 fieri

71 4677 292 4756 constat,
324 4677 579 4756 quamvis
593 4677 845 4756 pauperis
866 4681 954 4756 vel
983 4678 1165 4733 divitis
1187 4677 1407 4756 scientia
1433 4685 1524 4731 aut
1550 4691 1649 4756 ex-

71 4746 321 4820 perientia
342 4746 483 4810 nihil
513 4746 643 4809 milii
667 4746 927 4816 utilitatis,
969 4759 1156 4820 utputa
1178 4748 1354 4803 omnia
1383 4746 1520 4820 bona
1550 4746 1649 4800 ha-

72 4818 232 4895 benti,
255 4826 527 4890 conferat;
553 4823 684 4895 ipsis
709 4831 886 4877 autem
908 4818 1215 4895 utilia,_imo
1238 4818 1539 4895 necessaria
1562 4832 1651 4895 me

72 4887 283 4963 habere,
333 4899 414 4953 eis
456 4887 598 4952 scire
635 4902 691 4950 et
737 4892 968 4963 experiri
998 4890 1225 4963 multum
1275 4888 1540 4963 expediat.
1586 4887 1646 4963 lu

69 4962 207 5039 hunc
245 4959 441 5039 quippe
485 4966 701 5039 modum
752 4959 1003 5039 si_nullu_s
1044 4959 1327 5039 aliquando
1362 4959 1649 5039 miserﬂvel

69 5029 393 5093 damnabilis.
426 5037 630 5100 fuisset,
668 5037 805 5089 Deus
842 5032 1183 5101 omnipotens
1226 5029 1650 5101 misericordiam

72 5116 122 5177 et
144 5110 402 5176 justitiam
425 5109 478 5164 in
500 5106 701 5177 angelis
722 5113 776 5159 et
816 5100 1449 5177 hominibusnonminus
1474 5100 1649 5177 mani-

73 5171 257 5235 festare
285 5171 668 5250 potuissetfde
693 5190 785 5231 sua
818 5174 1066 5250 videlicet
1088 5171 1411 5250 abundantia
1441 5171 1521 5226 eis
1552 5171 1652 5225 mi-

72 5242 405 5305 δεήσοι-εἱειει-
430 5246 706 5317 largiendo
745 5245 888 5316 quod
931 5244 1148 5298 minime
1174 5242 1469 5317 haberent;
1500 5258 1652 5317 prae-

76 5322 243 5375 sertim
270 5338 394 5377 cum
423 5312 602 5376 omnis
631 5312 872 5373 creatura
898 5330 928 5369 a
958 5330 1017 5369 se
1044 5315 1262 5368 omnino
1283 5313 1413 5367 nihil
1433 5312 1644 5375 habeat,

78 5390 163 5443 sed
186 5395 359 5448 omnia
389 5394 460 5446 ab
500 5391 619 5459 ipso
645 5388 791 5442 fonte
830 5385 1070 5440 omnium
1114 5385 1376 5459 bonorum
1404 5384 1647 5451 accipiat,

82 5473 135 5513 ac
159 5462 286 5518 dona
306 5478 404 5519 sua
426 5463 482 5517 in
508 5455 622 5516 suis
637 5459 780 5529 juste
799 5456 1165 5513 conservando
1184 5471 1303 5526 quae
1328 5455 1396 5529 ab
1417 5469 1480 5509 co
1501 5469 1652 5529 accc.

83 5532 280 5598 pissent.
342 5534 412 5588 Et
460 5531 585 5588 ideo
626 5525 731 5584 non
783 5535 899 5583 erat
950 5541 1169 5598 necesse
1205 5525 1266 5598 ut
1304 5525 1651 5598 velangelus

86 5596 461 5662 damnationem
507 5601 577 5656 ad
616 5597 1059 5655 manifestandam
1104 5597 1197 5652 Dei
1229 5596 1518 5668 justitiam,
1566 5597 1652 5654 vel

178 5759 305 5814 (diti
323 5759 443 5810 hinc
464 5754 667 5817 addunt,
699 5763 848 5817 quam
863 5750 1073 5804 aliarum
1094 5750 1338 5803 virtutum.

1756 184 2036 209 βα;ι;ιι.ι;.ιλισ.έ.;-
2044 188 2062 202 πο

1134 250 1475 319 ΗΒΕΒἯΕ
1509 252 1918 320 COGNITIONE
1955 261 2165 323 VEM
2200 263 2414 326 VITIE’.

1779 373 1942 451 homo
1985 374 2260 434 miseriam
2303 378 2373 435 ad
2399 378 2774 441 declarandam
2804 384 2904 444 Dei
2931 388 3361 451 misericordiam

1777 446 2105 533 incidei'ent;
2134 464 2255 532 cum
2278 459 2563 533 uirumque
2587 454 2638 533 in
2662 457 2924 515 stantibus
2948 446 3367 533 “genialia;

1773 519 1975 603 rave'rit
2010 518 2436 603 misericordiam
2474 518 2742 603 videlicet,
2774 544 2933 603 _eos_a
2958 518 3114 603 lapsu
3134 518 3360 592 cons'er-
3420 518 3432 555 ξ

1776 588 1975 667 vando;
2003 590 2386 667 justitiam,_eis
2416 596 2632 667 praemia
2648 588 2845 654 dando.
2871 600 3002 667 Quia
3016 588 3362 663 autem'libe-

1773 674 1845 743 ra.
1859 660 2129 745 voluntate
2158 663 2379 745 angelus
2408 660 2502 745 vei
2524 665 2683 721 homo
2706 682 2735 721 a
2764 660 3359 745 D_eo'apostataverunt,

1772 731 2194 815 miseeicordiam
2237 731 2300 815 et
2331 734 2617 815 justitiam,
2664 740 2813 815 quasi
2864 731 3013 815 prius
3062 731 3355 815 occultam;

1772 802 2050 885 manifeste
2091 804 2303 885 experti
2331 802 2520 885 ςευῃι,
2564 802 2730 885 _dum_
2760 802 2904 885 illum
2958 813 3171 885 justitia
3211 802 3359 885 justé

1770 871 2061 956 damnavit,
2087 871 2635 956 isti—immiserieordia
2662 871 3080 956 misericorditer
3093 886 3164 956 de
3185 871 3356 943 mise;

1773 945 2157 1018 ria__liberavit.
2205 946 2273 1000 Et
2301 962 2427 1018 cum
2459 947 2513 1003 in
2542 950 2642 1004 hac
2674 953 3001 1018 experientia
3050 955 3183 1010 nihil
3242 958 3357 1013 Deo

1772 1014 2013 1071 utilitatis
2042 1017 2355 1083 accreverit,
2389 1019 2442 1072 in
2471 1034 2578 1089 quo
2601 1014 2876 1089 plenitudo
2904 1024 3141 1080 omnium
3171 1026 3348 1081 bono-

1767 1096 2273 1165 rum_ante_omnem
2301 1098 2537 1165 creatam
2556 1100 2854 1165 creaturam
2883 1092 3075 1159 fuerit;
3108 1097 3351 1165 sequitur

1766 1156 1909 1238 quod
1939 1158 2083 1211 nulla
2110 1159 2421 1238 necessitas,
2447 1160 2541 1217 sed
2566 1161 2678 1217 sola
2702 1163 2946 1219 voluntas
2972 1156 3069 1221 eos
3090 1166 3158 1221 ad
3185 1156 3349 1223 inise-

1764 1229 1898 1281 riam
1925 1229 2262 1296 compulerit.

1835 1297 2059 1370 CAPUT
2097 1299 2239 1354 XXI.
2291 1300 2421 1356 Mali
2452 1301 2614 1357 Deum
2655 1314 2912 1360 auctorem
2940 1323 3042 1360 non
3094 1322 3220 1370 esse,
3260 1305 3352 1361 sed

1763 1367 2123 1424 ordinatorem.
2152 1370 2249 1424 Dei
2286 1371 2520 1447 bonitas._
2539 1373 2936 1447 Omnipotentia.
2973 1376 3141 1431 Deum
3168 1367 3351 1432 autem

1763 1453 1869 1493 non
1895 1454 2013 1495 esse
2037 1450 2307 1517 auctorem
2328 1443 2593 1517 malihinc
2618 1443 2799 1517 aperte
2819 1455 3048 1515 constat,
3070 1448 3213 1517 quod
3235 1448 3355 1516 ipse

1762 1523 1920 1564 omne
1950 1511 2145 1584 malum
2175 1511 2411 1567 damnat.
2439 1514 2606 1569 Porro
2631 1511 2772 1584 quod
2808 1518 3007 1571 malum
3034 1511 3142 1571 non
3166 1511 3349 1572 subsi~

1762 1588 1899 1654 stat,
1947 1581 2165 1654 evidens
2209 1585 2345 1637 ratio
2392 1584 2601 1654 probat.
2643 1581 2828 1641 Omnis
2867 1588 3010 1642 enim
3050 1587 3349 1642 substantia

1760 1649 1900 1728 bona
1930 1659 2032 1728 est,
2066 1652 2160 1707 sed
2204 1649 2658 1728 malumbonum
2679 1671 2787 1728 non
2818 1664 2933 1728 est;
2964 1658 3123 1728 igitur
3148 1657 3348 1711 malum

1762 1722 2055 1795 substantia
2077 1737 2182 1777 non
2209 1733 2313 1795 est,
2343 1724 2437 1778 sed
2470 1726 2697 1795 privatio
2722 1727 2849 1781 boni
2876 1722 3224 1783 esthidetur
3248 1742 3346 1781 au-

1759 1799 1867 1868 tem
1891 1793 2111 1868 _malum
2140 1794 2426 1868 quoddam
2448 1793 2638 1868 agendi
2670 1798 2752 1851 vel
2773 1798 3006 1865 patiendi
3044 1797 3347 1868 separabile

1758 1863 2041 1936 accidens;
2065 1863 2119 1917 in
2147 1864 2539 1936 actaequidem,
2568 1866 2695 1920 dum
2727 1863 3026 1923 inordinate
3053 1863 3261 1936 agitur;
3290 1868 3345 1922 in

1757 1934 2006 2001 passione
2029 1943 2227 2000 autem,
2261 1934 2388 1989 dum
2410 1935 2707 1991 inordinata
2735 1937 2874 1992 actio
2901 1938 3038 1993 bene
3065 1934 3343 1993 ordinabi-

1758 2011 1863 2075 tur.
1900 2004 1974 2073 (a)
2006 2003 2061 2059 ln
2089 2020 2253 2073 regno
2277 2006 2473 2075 quippe
2496 2014 2683 2061 cuncta
2710 2008 3006 2063 ordinantis
3030 2008 3162 2063 nihil
3188 2010 3341 2063 inor-

1757 2073 1994 2129 dinatum
2015 2073 2348 2145 relinquitur.
2380 2073 2472 2130 Est
2498 2086 2672 2132 autem
2702 2086 2880 2134 rectus
2898 2079 3174 2134 rationalis
3193 2093 3346 2133 crea-

1758 2152 1899 2219 iurre
1946 2145 2106 2219 ordo,
2158 2154 2215 2219 ut
2262 2146 2457 2219 caduca
2500 2156 2744 2219 respuat,
2790 2164 3038 2204 mansura
3089 2156 3340 2219 appetat;

1756 2214 2000 2288 homines
2027 2216 2082 2270 in
2101 2216 2277 2288 anima
2304 2214 2629 2273 immortales
2656 2217 2859 2288 diligat,
2882 2220 3050 2273 Deum
3071 2214 3343 2275 summum

1754 2285 2091 2358 bonumeprae
2118 2287 2365 2358 omnibus
2412 2302 2616 2353 amans,
2654 2285 2775 2358 ejus
2813 2285 3072 2344 voluntati
3100 2288 3338 2343 obediat.

1755 2355 1861 2410 Sed
1890 2357 1977 2426 qui
1995 2365 2259 2412 summum
2280 2356 2478 2412 bonum
2504 2355 2871 2425 contemnunt,
2894 2359 3152 2415 caducum
3176 2374 3341 2413 mun-

1754 2426 1808 2498 di
1838 2427 2032 2482 bonum
2061 2426 2305 2497 diligunt,
2350 2428 2523 2483 socias
2566 2429 2772 2484 animas
2812 2429 3129 2498 despiciunt,
3158 2429 3338 2485 carnis

1754 2496 2032 2569 desideriis
2086 2496 2373 2569 obediunt;
2443 2499 2497 2553 hi
2553 2498 2852 2554 inordinate
2893 2496 3111 2569 vivunt,
3156 2501 3341 2569 sicque

1754 2568 1951 2622 malum
1998 2567 2214 2622 faciunt.
2248 2568 2361 2623 Hoc
2404 2583 2535 2624 vero
2579 2569 2775 2624 malum
2815 2568 3166 2634 ordinabitur,
3208 2567 3340 2624 dum

1754 2638 1868 2693 haec
1894 2639 2032 2693 actio
2061 2639 2111 2692 in
2139 2640 2777 2710 passionememutabitur.
2807 2640 2940 2694 Nam
2963 2640 3091 2695 dum
3122 2639 3256 2695 tales
3284 2646 3341 2694 et

1752 2722 1962 2763 summo
1986 2718 2041 2779 et
2068 2710 2269 2765 caduco
2296 2709 2479 2763 mundi
2510 2710 2652 2765 bono
2676 2712 2968 2779 privantur,
3008 2724 3231 2765 necesse
3255 2714 3344 2765 est

1752 2788 1811 2833 ut
1830 2778 2054 2848 asperis,
2085 2794 2202 2848 qum
2226 2779 2495 2835 blanditiis
2515 2778 2778 2837 contraria
2808 2789 2953 2847 sunt,
3002 2780 3337 2845 afﬁciantur;

1751 2865 1869 2917 quae
1892 2858 2067 2904 tamen
2095 2850 2146 2902 in
2174 2864 2233 2904 se
2263 2850 2393 2917 ipsis
2415 2864 2519 2904 non
2543 2861 2666 2905 sunt
2695 2851 2853 2915 mala,
2885 2850 2982 2906 sed
3010 2850 3337 2920 patientibus

1749 2920 1998 2975 videntur
2022 2934 2221 2974 amara.
2266 2919 2428 2989 Igitur
2456 2935 2552 2988 per
2578 2929 2820 2977 naturam
2848 2920 2977 2975 nihil
3006 2919 3089 2976 est
3115 2922 3336 2975 malum.

1823 2991 1990 3045 Deum
2020 3000 2196 3045 autem
2231 3005 2498 3044 summum
2524 2991 2722 3047 bonum
2759 2991 2884 3045 hinc
2912 2998 3146 3055 constat,
3192 2990 3337 3055 quod

1750 3061 1903 3116 malis
1927 3068 1983 3115 et
2011 3061 2138 3123 reis,
2181 3061 2331 3129 quasi
2357 3069 2538 3114 contra
2580 3061 2862 3130 justitiam,
2907 3061 3335 3116 misericordiam

1750 3147 1900 3186 suam
1945 3138 2223 3199 praerogat.
2273 3130 2477 3199 Nempe
2526 3147 2557 3185 a
2606 3130 2751 3185 fonte
2796 3132 2989 3185 summi
3043 3130 3167 3185 boni
3214 3130 3337 3185 talis

1752 3202 1947 3269 iustitia
1975 3209 2175 3267 manat,
2204 3216 2308 3269 qua
2334 3201 2475 3255 Deus
2518 3201 2637 3269 jure
2683 3200 2916 3269 indignis
2954 3200 3197 3256 misereri
3234 3200 3336 3254 de-

1788 3280 1873 3328 eat
1898 3289 1912 3325 :
1942 3273 2030 3340 qui
2055 3271 2213 3326 etiam
2238 3270 2529 3325 benevolus
2552 3271 2606 3325 in
2634 3270 2735 3326 hoc
2763 3270 3163 3339 comprobatur,
3207 3270 3333 3339 quia

1749 3344 1897 3398 solus
1925 3350 2003 3396 tot
2025 3342 2178 3396 bonis
2205 3341 2304 3394 frui
2340 3341 2524 3406 noluit,
2557 3341 2651 3395 sed
2671 3356 2737 3396 ex
2768 3342 2932 3395 nihilo
2982 3350 3058 3395 tot
3087 3341 3338 3394 substan-

1750 3414 1851 3494 tias
1871 3413 2113 3494 protulit,
2140 3412 2331 3492 quibus
2359 3411 2497 3467 bona
2527 3412 3041 3494 gloriseJdisiribuit:
3070 3410 3332 3494 Omnipo-

1751 3481 2054 3548 tens‘vero,
2100 3482 2208 3537 imo
2254 3482 2366 3550 ipsa
2411 3481 2795 3551 omnipotentia
2841 3482 2965 3536 hinc
3008 3481 3333 3547 declaratur,

1748 3555 1892 3624 quod
1916 3550 2430 3624 tantammachinam
2448 3568 2626 3607 rerum
2644 3553 3031 3624 cumromnibus
3046 3567 3164 3621 qua:
3185 3560 3332 3624 sunt,

1749 3622 1923 3692 potuit
1946 3639 2011 3679 ex
2052 3623 2220 3678 nihilo
2257 3622 2511 3690 formare,
2557 3632 2610 3677 et
2638 3623 2812 3677 omnis
2840 3632 3082 3677 creatura
3111 3637 3234 3676 eum
3265 3622 3335 3677 ad

1750 3695 2130 3750 inconveniens
2160 3708 2265 3748 non
2304 3693 2489 3758 flectit,
2520 3692 2614 3748 sed
2637 3692 2892 3762 quidquid
2922 3700 3023 3756 est,
3055 3692 3203 3745 nutui
3235 3706 3334 3746 suo

1750 3774 1922 3835 paret.
1954 3765 2093 3819 Ecce
2136 3771 2248 3818 tota
2294 3764 2518 3835 munitio
2557 3772 2751 3835 vestra:
2775 3763 3155 3833 propositionis
3191 3762 3336 3831 jacet

1750 3834 1971 3891 Subruta
1992 3835 2158 3890 ariete
2182 3834 2478 3889 manifestae
2498 3834 2773 3889 rationis‘.

1821 3905 2049 3961 CAPUT
2087 3903 2250 3959 XXII.
2296 3904 2443 3959 Unde
2470 3921 2549 3959 res
2580 3913 2781 3959 creatw.
2834 3903 2958 3959 Non
2991 3920 3054 3959 ea:
3081 3903 3182 3958 Dei
3210 3904 3335 3959 sub-

1750 3978 1956 4033 stantia.
2000 3974 2123 4029 Non
2151 3992 2213 4029 ex
2240 3976 2451 4029 materia
2475 3975 2563 4030 sed
2590 3991 2651 4029 ea:
2674 3976 2853 4029 nihilo.
2886 3975 2987 4041 Qui
3029 3984 3195 4028 tamen
3233 3991 3337 4028 non

1753 4064 1816 4103 ex
1838 4047 2017 4102 nihilo.
2052 4047 2194 4100 Drsc.
2218 4045 2359 4101 Utile
2385 4054 2468 4099 est
2506 4046 2777 4100 munimen
2808 4046 3006 4100 erroris
3050 4045 3253 4110 subrui,
3281 4053 3337 4099 et

1752 4133 1932 4173 arcem
1974 4116 2214 4171 veritatis
2257 4116 2516 4179 construi,
2562 4117 2712 4179 cujus
2760 4115 3161 4169 fundamentum
3211 4114 3336 4183 quia

1724 4203 1925 4265 super
1944 4186 2123 4242 omnia
2155 4195 2425 4265 creantem
2462 4184 2729 4265 stabiliter
2758 4185 2964 4250 locasti,
3010 4192 3255 4265 superest
3277 4192 3339 4240 ut

1753 4255 2055 4314 machinam
2098 4272 2259 4327 super
2286 4256 2544 4325 originem
2589 4263 2865 4327 creaturae
2893 4255 3228 4327 consolides,
3272 4269 3337 4310 ac

1753 4329 1914 4384 ﬁnem
1955 4326 2140 4382 mundi
2164 4324 2332 4382 'initio
2352 4324 2709 4381 continuando
2736 4325 2989 4391 aediﬁces,
3019 4324 3337 4393 culmenque

3224 280 3369 343 1018

3420 508 3447 549 ς

1752 4398 1807 4454 in
1851 4399 1961 4454 alto
2001 4399 2149 4468 regni
2198 4398 2458 4453 caelorum
2509 4411 2871 4468 consummes.
2914 4396 3095 4468 Itaque
3130 4395 3339 4451 ratione
3418 4421 3427 4427 ν

1752 4471 2014 4540 probante
2058 4466 2463 4540 nobisinsiuua
2488 4474 2665 4522 utrum
2703 4466 3029 4540 universitas
3072 4472 3333 4540 creatura}

1753 4536 1820 4595 ex
1847 4538 2117 4595 Creatoris
2163 4537 2479 4608 substantia,
2530 4552 2596 4592 an
2622 4553 2687 4592 ex
2721 4537 2896 4608 aliqua
2924 4536 3335 4607 prtecxistente'

1753 4611 1997 4671 materia,
2025 4626 2093 4665 an
2118 4624 2186 4664 ex
2213 4607 2380 4663 nihilo
2407 4610 2475 4663 sit
2497 4608 2729 4663 condita.

1825 4682 1963 4764 Mite.
1994 4680 2163 4764 Hujus
2182 4688 2469 4764 structurae
2479 4693 2797 4762 compagem
2819 4678 2907 4764 hic
2934 4678 3123 4764 ariifex
3148 4691 3336 4764 corro-

1754 4752 1980 4815 boravit,
2011 4750 2163 4819 cuius
2205 4765 2338 4821 opus
2362 4750 2558 4805 nullius
2586 4751 2855 4821 augmenti
2901 4751 3155 4804 molimen
3204 4763 3340 4803 con-

1757 4822 2046 4894 quassabit.
2070 4822 2152 4876 Ex
2192 4821 2498 4894 substantiae
2530 4821 2795 4894 Creatoris
2825 4835 2883 4894 se
2906 4836 3025 4894 esse
3050 4821 3163 4890 ipsa
3189 4834 3339 4875 crea-

1753 4892 1873 4948 tura
1892 4902 2064 4963 negat,
2089 4900 2143 4946 et
2163 4892 2382 4948 evidens
2402 4892 2539 4963 ratio
2565 4892 2689 4963 totis
2717 4893 2881 4946 armis
2910 4892 3021 4946 suis
3050 4899 3331 4961 repugnat.

1754 4964 1897 5020 Deus
1923 4962 2151 5034 namque
2175 4972 2258 5018 est
2286 4962 2649 5034 immutabilis,
2676 4963 2855 5034 omnis
2884 4970 3064 5018 autem
3091 4970 3338 5034 creatura

1754 5034 2025 5091 mutabilis
2055 5033 2076 5087 :’
2100 5049 2219 5103 quae
2248 5034 2293 5088 si
2314 5049 2380 5088 ex
2410 5033 2726 5087 immutabili
2749 5041 2933 5087 natura
2966 5033 3337 5103 processisset,

1756 5113 2147 5175 consequenter
2186 5113 2241 5160 et
2268 5108 2384 5174 ipsa
2427 5104 2771 5175 immutabilis
2797 5103 3145 5175 perduraret:
3173 5103 3341 5157 Porro

1756 5179 1801 5233 si
1828 5173 2188 5245 corruptibilis
2232 5173 2421 5230 natura
2447 5190 2511 5229 ex
2552 5174 2645 5229 Dei
2677 5173 2971 5230 substantia
2999 5173 3226 5244 prodiit,
3256 5186 3343 5227 se-

1756 5249 1938 5320 quitur
1958 5246 2217 5320 queodADei
2250 5245 2479 5320 essentia
2507 5245 2976 5320 eorrumpipossii
2996 5258 3199 5320 ;_quam
3230 5257 3342 5296 cm-

1755 5313 1832 5375 caa
1872 5313 2065 5373 mentis
2104 5317 2361 5372 insaniam
2378 5316 2562 5386 jacula
2607 5313 2825 5370 ratidnis
2847 5313 3182 5379 confodiunt,
3229 5321 3283 5369 et
3310 5328 3343 5368 a

1756 5390 2038 5461 praesentia
2066 5388 2304 5461 veritatis
2354 5388 2509 5461 longe
2549 5386 3005 5461 rejieiunt._Quo_d
3049 5393 3225 5440 autem
3265 5398 3339 5438 ex

1757 5456 1899 5516 nulla
1926 5458 2259 5516 substantiali
2286 5459 2507 5513 materia
2548 5458 2765 5512 condita
2794 5457 2881 5522 sit,
2933 5456 3058 5511 hinc
3101 5462 3334 5519 constat,

1754 5531 1899 5605 quod
1948 5530 2080 5585 nihil
2132 5538 2326 5599 prmter
2358 5530 2523 5583 Deum
2574 5528 2753 5583 fuerit.
2800 5528 2983 5585 Restat
3021 5540 3152 5603 ergo
3192 5522 3336 5581 quod

1821 5624 1839 5655 ³
1877 5621 2015 5681 Editi,
2032 5633 2153 5683 arce
2166 5618 2408 5683 manifesti
2428 5617 2628 5669 erroris.

1819 5686 1843 5717 ²
1874 5691 2005 5743 Mss,
2030 5681 2280 5733 existente.

1825 5746 1899 5809 (a)
1932 5739 2000 5798 tta
2020 5744 2251 5796 Elucidar.
2276 5744 2361 5796 lib.
2388 5744 2436 5807 1,
2453 5754 2559 5805 cap.
2588 5739 2665 5792 16.

3404 5532 3420 5577 l
