3804 6358
461 300 601 370 1019

458 424 777 483 universitas
792 437 857 479 ex
880 417 1050 475 nioilo
1072 420 1252 492 creata
1275 412 1351 492 sit
1361 426 1379 492 ξ
1400 422 1508 492 non
1526 405 1668 492 quod
1687 405 1818 492 nihil
1840 406 2036 492 aliquid

458 478 726 554 idiiii’vei
752 494 839 559 sit,
880 492 974 547 sed
1001 488 1279 561 quod_non
1304 478 1509 552 aliquid
1540 478 1685 561 fuit,.
1710 478 1810 534 hoc
1838 478 2039 561 aliquid

460 570 680 625 Creator
704 580 823 619 esse
853 562 995 617 fecit.
1024 558 1101 685 (ὅ)
1128 558 1327 613 Tamen
1356 562 1480 609 ante
1524 558 1847 606 creationem
1876 558 2039 606 totius

460 648 716 685 creaturae
744 637 917 685 imago
957 634 1009 685 in
1085 629 1236 685 erbo.
1268 626 1320 681 id
1352 632 1454 685 est.
1487 624 1537 677 in
1570 631 1683 676 arte
1705 621 1797 675 Dei
1823 619 1943 683 fuit,
1971 620 2039 676 ad

460 619 716 696 creaturae
743 637 917 703 imago
957 634 1009 687 in
1031 619 1236 703 Verbo,
1268 626 1320 681 id
1348 632 1454 703 _est,
1487 624 1537 677 in
1570 631 1683 703 arte
1705 621 1797 675 Dei
1823 619 1943 683 fuit,
1971 620 2040 703 ad

462 714 616 780 cujus
662 696 934 780 exemplar
980 702 1295 780 universitas
1346 696 1400 777 in
1428 696 1722 780 creatione
1764 696 2036 780 prorupit,

461 768 610 837 Sicut
632 779 775 835 enim
797 768 967 845 pictor
996 772 1303 845 varietatem
1336 768 1556 837 pictura:
1588 768 1731 845 prius
1762 768 1823 844 in
1860 772 2041 845 mente

463 834 729 921 fingit,ad
768 834 920 921 cujus
955 834 1353 921 similitudinem
1388 834 1731 921 postmodum
1776 834 2042 921 visibilem

462 912 727 995 pic'turam
772 912 998 995 pingit:
1041 914 1113 969 ita
1149 912 1292 995 Deus
1332 912 2043 995 universitatemjcreatu‘rae

506 975 616 1047 rius
655 991 707 1044 in
736 975 992 1057 sapiEntia
1034 999 1131 1040 sua
1168 982 1510 1057 formaverat,
1558 975 1851 1057 secundum
1882 990 2043 1057 quam

487 1063 693 1117 'ormam
736 1048 925 1115 cuncta
968 1071 1062 1126 per
1110 1050 1449 1109 multimodas
1490 1048 1694 1116 species
1741 1054 2041 1129 creaverat.

467 1132 573 1190 Sed
620 1132 790 1202 pictor
839 1130 1098 1203 picturam
1152 1130 1331 1180 mente
1370 1129 1693 1203 conceptam
1740 1135 1792 1172 tn
1817 1133 1890 1203 Are
1935 1132 2043 1203 non

467 1196 804 1269 existentem,
834 1196 931 1270 per
958 1198 1165 1271 colores
1185 1205 1238 1250 et
1258 1208 1351 1263 per
1369 1196 1721 1271 instrumenta
1745 1196 2047 1270 extrinseca

466 1274 658 1330 adesse
706 1264 978 1343 perducit;
1011 1269 1162 1343 Deus
1186 1274 1374 1343 _autem
1395 1264 1814 1343 Iuniversitatem
1849 1264 1915 1343 Ain
1940 1274 2046 1343 ‘sa-

468 1330 799 1416 pientiaqsua
850 1330 1049 1395 nullam
1076 1337 1288 1416 quidem
1328 1331 1679 1416 substantiam
1728 1330 2047 1416 esistentem

468 1400 567 1498 pter
596 1415 739 1470 nulla
753 1400 1654 1498 instrumentajn.totAsttbgantias
1663 1400 1951 1498 prudntia?)

470 1477 593 1541 ideo
620 1502 686 1541 ex
714 1483 879 1538 nihilo
906 1480 1085 1535 omnia
1114 1477 1256 1539 fecit,
1284 1484 1338 1530 et
1358 1484 1533 1529 tamen
1556 1477 1708 1541 quasi
1744 1486 1849 1526 non
1879 1486 1945 1526 ex
1968 1477 2048 1524 ni-

474 1556 605 1621 hilo,
638 1554 732 1610 sed
764 1570 829 1608 ex
860 1552 1035 1621 aliquo
1060 1547 1282 1621 visibilis
1311 1544 1541 1621 mu_nd_us_
1586 1542 1865 1613 processit,
1916 1541 2045 1597 dum

470 1615 1142 1693 instararchetypiimundi
1166 1617 1364 1693 formas
1394 1615 1585 1693 induit.
1691 1684 1702 1693 _
1768 1681 1852 1693 “-

539 1694 764 1752 CAPUT
803 1681 991 1749 X'Xlll.
1034 1688 1348 1757 Quwstiones
1376 1687 1438 1739 de
1469 1684 1735 1757 praesentia
1758 1681 1871 1737 Dei.
1900 1682 2047 1757 Dtsc.

468 1767 586 1823 Jam
633 1765 843 1837 egregia
887 1763 1017 1837 turri
1044 1755 1111 1837 _i_n
1146 1760 1309 1813 altum
1357 1765 1605 1837 surgente
1645 1755 2049 1837 discreta‘ratio

470 1824 719 1893 tenebras
740 1824 936 1890 erroris
954 1831 1187 1900 undique
1211 1842 1424 1900 versum
1450 1824 1705 1900 eliminet,
1738 1824 2051 1900 praeclaram

476 1915 799 1963 structuram
830 1918 1029 1959 serena
1070 1896 1305 1957 veritatis
1336 1899 1453 1953 luce
1489 1896 1763 1960 clarilicet,
1805 1910 1868 1949 ac
1895 1896 2052 1950 nobis

470 1979 681 2049 inclyta:
715 1975 845 2031 aedis
863 1989 997 2045 opus
1026 1970 1341 2049 mirantibus
1358 1968 1572 2049 aperiat
1614 1976 1791 2021 utrum
1810 1965 2051 2049 _Creator

470 2050 524 2104 in
565 2040 829 2114 creatura,
873 2040 1217 2099 air-creatura
1257 2040 1625 2114 inACreatore,
1660 2053 1727 2092 an
1770 2044 2052 2105 utrumque

472 2120 526 2176 in
554 2128 779 2189 utroque
800 2112 1093 2189 consistat;
1125 2128 1197 2189 an
1230 2112 1405 2189 potius
1422 2112 1820 2189 _Creatorextra
1844 2117 2055 2189 creatu-

476 2206 592 2246 ram
617 2179 811 2244 alicubi
854 2188 905 2242 in
931 2187 1105 2256 aliqua
1149 2179 1315 2259 gloria
1355 2179 1781 2259 substantialiter.
1819 2188 2048 2259 maneat,

474 2271 772 2318 creaturam
794 2269 971 2313 autem
1006 2249 1101 2327 per
1129 2249 1189 2310 se
1218 2254 1538 2327 existentem
1583 2249 1941 2327 potentialiter
1967 2264 2053 2304 re-

474 2332 645 2403 pleat;
676 2347 742 2403 an
770 2318 1021 2403 dimidius
1050 2328 1103 2380 in
1146 2324 1329 2403 cmlo,__
1357 2318 1607 2403 dimidius
1634 2318 1687 2403 in
1717 2318 1943 2400 mundo;
1985 2334 2056 2403 an

473 2389 758 2474 aliquando
806 2409 945 2455 totus
989 2392 1547 2474 in_umlo,_aliqu‘ando
1588 2399 1743 2471 totus.
1771 2389 1825 2443 in
1855 2389 2055 2474 mundo

474 2460 728 2529 subsistat
755 2488 770 2526 :
801 2486 867 2525 an
892 2485 985 2539 per
1014 2467 1221 2539 singula
1240 2460 1605 2539 loca'divisus,
1637 2476 1703 2539 an
1728 2460 1781 2515 in
1809 2460 2058 2539 omnibus

475 2544 608 2617 locis
640 2550 781 2617 totus
805 2531 997 2617 existat
1018 2531 1131 2617 {an
1156 2533 1522 2617 aliquandoin
1540 2532 1631 2586 illo
1650 2531 2058 2617 locohaliquang-

473 2614 544 2669 do
572 2615 623 2668 in
670 2613 777 2667 alio
824 2611 911 2677 sit,
942 2601 1093 2663 verbi
1132 2601 1321 2677 gratia,
1339 2604 1466 2677 heri
1490 2602 1865 2677 Jerpsolymis,
1898 2601 2058 2659 hodie

472 2683 797 2755 Carthagini,
816 2673 933 2736 cras
953 2673 1679 2755 Romae'moraricredendus
1695 2673 1793 2738 sit;
1816 2687 1884 2755 an
1907 2684 2057 2755 extra

473 2744 698 2811 omnem'
713 2754 888 2808 locum
913 2760 966 2807 et
992 2757 1141 2807 extra
1165 2761 1326 2803 omne
1354 2753 1563 2816 tempus
1598 2758 1811 2814 semper
1837 2753 1892 2800 et
1934 2744 2058 2800 ubi-

514 2841 577 2879 ue
600 2828 688 2881 sit.

474 2839 688 2969 ίίυῗιῖξξῖ
723 2894 871 2969 Sicut
896 2893 977 2969 _sol
1005 2886 1252 2969 exoriens
1276 2887 1518 2969 quamvis
1542 2886 1863 2969 innumeras
1878 2901 2060 2968 rerum

476 2962 678 3022 formas
705 2965 941 3021 tenebris
981 2963 1181 3019 obsitas
1207 2968 1427 3016 cunctas
1470 2973 1567 3014 sua
1616 2962 1899 3029 praesentia
1925 2962 2060 3012 irra-

481 3040 628 3102 diat;
657 3039 727 3092 ita
769 3043 960 3108 potens
1003 3035 1140 3089 ratio
1186 3032 1311 3110 licet
1357 3027 2062 3110 multiplicesiiimiumque

480 3099 992 3179 perplexas'vestras
1011 3104 1401 3179 propositiones
1422 3099 1929 3179 perspicaciintuitu
1951 3101 2062 3179 sin-

473 3170 624 3250 gulas
652 3170 1222 3250 discriminatfres'que
1242 3170 1764 3250 profundissimasde
1782 3170 2057 3226 obscuris-

478 3241 627 3304 simis
658 3249 875 3305 latebris
902 3241 1198 3316 protractas
1222 3241 1499 3316 perspicue
1524 3241 1772 3316 elucidat.

544 3319 768 3377 CAPUT
791 3311 979 3374 XXIV.
1000 3316 1149 3386 Quod
1164 3311 1301 3369 Deus
1317 3311 1381 3368 sit
1399 3313 1609 3386 inprimi
1628 3320 1879 3386 creatura.
1913 3311 2061 3377 Quod

474 3406 683 3463 qumque
697 3407 809 3445 eum
824 3389 914 3444 sibi
935 3382 1096 3463 inesse
1105 3388 1306 3441 sentiat.
1324 3384 1473 3463 Quod
1494 3382 1712 3439 Creator
1724 3384 1780 3437 in
1797 3390 2062 3463 tota-crea-

475 3453 837 3527 t'Ura'existat,
860 3460 1034 3517 omnis
1053 3466 1294 3514 creatura
1315 3455 1504 3525 probat
1526 3469 1684 3527 aqua:
1700 3453 1916 3527 se_nihil
1932 3468 1961 3507 a
1978 3468 2057 3522 se,

475 3547 506 3587 a
532 3532 643 3588 Deo
669 3523 845 3588 autem
868 3546 987 3586 esse
1008 3538 1061 3584 et
1080 3531 1277 3583 bonum
1300 3523 1497 3581 habere
1512 3523 1725 3579 clamat.
1756 3523 1896 3579 Deus
1918 3539 2062 3580 nam-

475 3618 581 3672 que
607 3612 689 3658 est
712 3610 933 3657 summa'
953 3600 1183 3655 essentia
1209 3606 1264 3672 et
1307 3610 1572 3672 summum
1604 3596 1815 3672 _bonum
1841 3596 2061 3672 :_omnis

474 3665 652 3728 autem
673 3682 913 3727 creatura
934 3686 1030 3740 per
1049 3685 1168 3724 eum
1184 3669 1423 3740 subsistit
1442 3684 1456 3734 ;
1475 3666 1795 3740 omnisvero
1812 3665 2060 3740 substan-

474 3744 545 3798 tia
563 3744 700 3798 bona
716 3750 815 3808 est,
843 3736 965 3810 quia
988 3756 1053 3796 ex
1075 3738 1442 3810 summobono
1470 3745 1573 3810 est.
1600 3736 1699 3810 Ubi
1716 3745 1897 3810 autem
1920 3736 2061 3793 Deus

474 3830 580 3867 non
604 3823 705 3879 est,
737 3814 809 3868 ibi
831 3808 961 3867 nihil
987 3820 1097 3876 est;
1126 3811 1212 3865 ubi
1233 3824 1361 3864 vero
1382 3808 1577 3879 aliquid
1595 3808 1935 3879 substantiale
1956 3818 2056 3874 est,

477 3883 551 3939 ibi
573 3885 711 3937 Deus
750 3891 869 3938 est:
909 3897 1036 3953 ergo
1088 3883 1141 3936 in
1186 3880 1332 3953 omni
1368 3878 1627 3953 creatura
1652 3878 1805 3953 _Deus
1844 3879 2054 3953 existit,

481 3954 733 4024 quoniam
761 3954 936 4009 omnis
961 3949 1202 4024 creatura
1234 3950 1491 4024 subsistit.
1522 3950 1618 4024 llic
1644 3949 1885 4024 fortassis
1908 3950 2057 4004 inﬁr-

482 4021 604 4080 mus
634 4026 843 4079 animus
870 4024 1008 4096 apud
1053 4039 1111 4079 se
1140 4022 1286 4096 dicit,
1311 4023 1367 4096 Si
1394 4022 1533 4075 Deus
1564 4021 1615 4096 in
1646 4021 2059 4096 enuniereatura

474 4103 578 4163 est,
608 4104 732 4151 tunc
752 4104 805 4150 et
829 4098 880 4150 in
904 4091 1080 4159 caeno,
1110 4104 1161 4149 et
1184 4094 1235 4147 in
1258 4092 1485 4160 inferno,
1509 4099 1565 4146 et
1593 4092 1643 4145 in
1665 4091 1836 4145 brutis
1856 4092 2060 4147 anima-

473 4164 636 4235 libus,
667 4168 774 4221 imo
795 4177 848 4222 et
874 4167 926 4221 in
955 4165 1286 4221 dmmonibus
1313 4172 1415 4229 est,
1447 4178 1565 4233 quae
1595 4163 1776 4232 utique
1800 4172 2058 4219 creaturae

476 4248 621 4292 sunt.
667 4236 762 4293 Hic
801 4238 997 4291 nullam
1030 4235 1509 4292 inconvenientiam
1541 4242 1720 4300 aperta
1751 4236 1887 4304 ratio
1934 4250 2056 4304 pro-

476 4306 588 4373 b’at,
619 4323 737 4379 quae
776 4310 829 4363 in
857 4309 940 4363 his
968 4308 1215 4379 omnibus
1243 4306 1438 4361 bonum
1458 4377 1467 4379 ξ
1489 4304 1809 4361 considerat.
1837 4302 2056 4360 Caenum

477 4377 673 4449 quippe
719 4387 801 4436 est
846 4395 933 4436 res
984 4394 1105 4434 cum
1153 4378 1254 4432 alia
1304 4377 1561 4449 permixta
1582 4417 1611 4449 _,
1667 4384 1850 4444 utpote
1914 4385 2055 4431 terra

476 4447 622 4521 cum
663 4464 801 4521 aqua
854 4451 936 4507 vel
985 4464 1105 4521 cum
1158 4449 1263 4521 alia
1317 4447 1826 4521 hujusmodizterra
1877 4456 2055 4503 autem

478 4514 619 4575 bona
661 4514 775 4586 est,
831 4524 952 4591 quia
1008 4516 1304 4575 substantia
1356 4514 1470 4584 est,
1500 4526 1555 4573 et
1596 4532 1749 4591 aqua
1776 4517 1917 4591 bona
1975 4526 2058 4573 est

478 4591 601 4659 quia
658 4588 953 4646 substantia
1003 4599 1102 4645 est.
1156 4591 1395 4644 lnl‘ernus
1439 4603 1652 4659 quoque
1700 4588 1893 4643 dicitur
1935 4602 2055 4646 esse

476 4658 700 4731 igneus;
732 4670 785 4715 et
810 4662 943 4730 ignis
972 4658 1141 4715 bonus
1167 4668 1264 4725 est,
1295 4661 1417 4731 quia
1445 4658 1740 4715 Substantia
1768 4668 1871 4715 est.
1895 4660 2055 4715 Bruta

477 4729 638 4784 etiam
665 4729 911 4786 animalia
941 4732 1144 4802 singula
1164 4732 1219 4785 in
1246 4729 1439 4802 genere
1460 4745 1560 4786 suo
1584 4731 1648 4785 ad
1677 4731 1876 4801 aliquid
1904 4732 2055 4787 utilia

478 4809 635 4867 sunt;
667 4810 722 4856 et
749 4802 870 4857 ideo
914 4803 1050 4857 bona
1090 4811 1229 4857 sunt.
1264 4802 1541 4857 Daemones
1588 4802 1953 4865 nihilominus,
2000 4806 2054 4858 in

478 4885 547 4925 eo
572 4871 711 4941 quod
735 4874 969 4944 angelica
1010 4883 1133 4928 sunt
1161 4883 1375 4938 natura,
1406 4873 1530 4927 boni
1552 4882 1695 4927 sunt.
1731 4873 1893 4942 Igitur
1933 4888 2053 4929 cum

476 4951 685 4998 constet
713 4943 827 4999 haec
856 4945 1058 5014 singula
1078 4945 1129 4999 in
1157 4945 1297 5000 bono
1319 4944 1628 5009 subsistere,
1649 4945 1951 4999 necessario
1972 4961 2056 5000 se-

475 5014 658 5086 quitur
681 5015 867 5083 Deum,
892 5016 982 5086 qui
1014 5016 1157 5071 solus
1185 5016 1394 5070 bonitas
1415 5023 1516 5082 est,
1557 5017 1610 5069 in
1639 5015 1885 5070 omnibus
1913 5031 2051 5072 esse.

552 5083 626 5157 (lt)
665 5085 768 5141 Sed
788 5095 841 5142 et
861 5083 1033 5142 omnis
1059 5095 1301 5142 creatura
1334 5088 1498 5141 Deum
1528 5086 1626 5139 sibi
1645 5086 1818 5141 inesse
1835 5102 1929 5157 per
1955 5088 2053 5141 ali-

475 5155 808 5229 quidsentit.
841 5159 1025 5229 Angcli
1048 5160 1242 5213 ctenim
1268 5166 1321 5213 et
1355 5158 1599 5212 universa
1626 5155 1860 5213 viventia
1889 5159 2053 5212 Deum

476 5228 577 5283 sibi
610 5228 785 5284 inesse
828 5228 1081 5285 sentiunt.
1124 5231 1263 5284 Deus
1317 5229 1511 5297 quippe
1536 5229 1643 5282 vita
1664 5238 1766 5295 est,
1798 5237 1853 5284 et
1897 5244 2055 5285 omne

475 5301 617 5369 quod
648 5301 793 5366 vivit,
824 5303 929 5355 vita
977 5302 1123 5354 vivit.
1152 5300 1435 5372 Nonenim
1478 5300 1697 5372 angelus
1726 5301 1894 5372 magis
1928 5301 2058 5357 vivit

472 5384 634 5440 quam
661 5372 877 5437 vermis,
904 5373 1028 5426 licet
1054 5372 1141 5424 ille
1169 5372 1237 5425 sit
1276 5371 1607 5437 immortalis,
1648 5372 1746 5426 iste
1787 5371 2050 5427 mortalis.

473 5440 585 5512 Nec
634 5443 853 5512 angelus
893 5443 1061 5512 magis
1100 5441 1339 5495 subsistit
1367 5456 1538 5512 quam
1565 5443 1781 5508 vermis,
1813 5444 2054 5512 quamvis

473 5504 614 5568 illius
654 5504 947 5571 substantia
981 5504 1051 5566 sit
1093 5522 1321 5585 aeterna,
1362 5504 1517 5585 istius
1572 5504 1790 5585 caduca.
1818 5504 2053 5585 Corpora

472 5600 681 5653 quoque
725 5585 984 5651 ccelestia,
1014 5584 1216 5639 scilicet
1252 5585 1352 5650 sol,
1403 5584 1546 5649 luna,
1576 5584 1770 5651 sidera,
1812 5584 1976 5641 Deum
2000 5587 2055 5641 in

470 5668 527 5708 se
548 5657 784 5711 sentiunt
813 5676 825 5712 :
852 5658 979 5713 dum
1003 5670 1096 5725 per
1115 5669 1235 5709 eum
1263 5655 1440 5710 lucent
1466 5665 1519 5711 et
1548 5657 1859 5714 subsistunt.
1881 5656 2053 5717 Arbo-

534 5745 606 5811 (q)
643 5746 743 5811 vid.
769 5748 977 5811 Anselmi
1000 5745 1234 5811 atqnolog.
1260 5756 1397 5811 capp.
1421 5746 1470 5811 9,
1494 5746 1569 5799 11.

534 5746 582 5801 (a
643 5746 743 5794 \‘id.
769 5748 977 5796 Anselmi
1000 5745 1234 5808 Monolog.
1260 5756 1347 5807 Cap

533 5745 607 5869 (bi
642 5807 742 5858 Vid.
766 5808 995 5861 Elucidar.
1022 5807 1108 5861 lib.
1134 5808 1179 5872 1,
1203 5821 1309 5871 cap.

2040 5844 2047 5855 Ι

2131 5934 2231 5959 --ε

1912 288 2275 348 APPENDIX.

3590 286 3735 352 1020

2147 424 2234 465 res
2265 413 2317 464 et
2342 404 2521 484 herbae
2550 405 2717 484 Deum
2746 405 2799 484 in
2819 419 2877 464 se
2891 409 3158 484 sentiunt,
3175 411 3305 469 dum
3326 426 3426 484 per
3439 426 3561 472 eum
3608 428 3737 474 ατε-ι

2145 487 2302 536 scunt
2342 487 2397 535 et
2425 476 2737 549 subsistunt.
2777 478 3003 549 Lapides
3032 476 3162 538 vero
3199 476 3369 540 Deum
3406 485 3507 541 sibi
3551 487 3737 545 inesse

2146 551 2397 615 sentiunt,
2459 548 2585 603 dum
2631 564 2728 618 per
2770 548 2893 607 eum
2936 553 3267 609 subsistunt.
3300 555 3582 613 Daemones
3636 559 3735 616 sibi

2148 619 2313 696 Deuln
2327 620 2517 696 adesse
2532 621 2787 696 sentiunt,
2805 621 2930 696 dum
2946 637 3041 692 per
3053 638 3176 679 eum
3194 626 3386 681 vivunt
3400 635 3455 681 et
3472 630 3735 696 sentiunt;

2147 692 2324 767 sedet
2348 693 2401 746 in
2431 691 2549 767 hoc
2584 692 2754 767 Deum
2793 691 2983 767 adesse
3008 695 3268 767 sentiunt,
3298 697 3437 765 quod
3462 698 3613 767 justo
3644 691 3738 756 Dei

2143 763 2343 837 judicio
2368 763 2510 837 mala
2537 762 2590 817 in
2608 764 2787 837 pgenis
2810 762 2983 819 luunt.
3008 764 3149 837 Deus
3171 762 3529 837 enim'justitia
3550 780 3663 834 est,
3687 780 3739 827 et

2148 835 2468 904 ubicumque
2492 834 2695 903 justitia
2738 843 3040 899 exercetur,
3070 836 3210 893 Deus
3235 838 3308 893 ibi
3328 834 3449 895 esse
3473 840 3741 896 creditur.

2148 903 2237 961 Sic
2278 904 2507 975 denique
2547 904 2699 960 adest
2738 905 3032 975 imperator
3083 907 3279 964 latroni
3327 909 3453 965 dum
3492 925 3622 966 eum
3651 912 3741 967 daa

2150 983 2319 1043 mnat,
2334 977 2487 1052 _sicut
2512 976 2663 1052 militi
2683 990 2805 1031 cum
2840 992 2964 1052 eum
2985 990 3313 1052 remunerat.
3343 980 3411 1052 Et
3432 996 3601 1036 nemo
3624 984 3740 1052 opi-

2149 1056 2306 1103 netur
2332 1048 2505 1101 Deum
2527 1046 2719 1122 _sordcs
2744 1047 2932 1122 mundi
2968 1049 3284 1117 abominari,
3305 1051 3402 1107 sed
3426 1052 3580 1107 solas
3616 1046 3741 1122 pec-

2150 1127 2389 1175 catorum
2419 1117 2605 1173 sordes
2630 1118 2841 1173 noverit
2874 1134 2996 1173 eum
3031 1122 3327 1187 exsecrari;
3356 1136 3457 1177 nec
3482 1117 3744 1179 eum'ullo

2150 1190 2311 1244 modo
2352 1202 2509 1256 posse
2542 1187 2748 1259 ullare
2776 1191 3177 1259 commaculari,
3208 1191 3344 1248 sicut
3372 1208 3479 1250 nec
3525 1194 3741 1251 radium

2152 1259 2281 1315 solis
2312 1260 2416 1314 ulla
2443 1258 2776 1313 immunditia
2802 1259 3085 1315 sordidari.

2221 1329 2446 1405 CAPUT
2480 1329 2645 1405 XXV.
2691 1330 2947 1405 Creatung
2983 1332 3137 1386 etiam
3160 1342 3279 1405 sunt
3312 1334 3366 1388 in
3409 1333 3541 1390 Deo.
3593 1336 3740 1405 0bje«

2151 1402 2249 1476 ctio
2285 1401 2514 1476 solvitur.
2541 1400 2771 1476 carnalis
2800 1401 2863 1455 de
2901 1400 3010 1457 Deo
3035 1415 3082 1457 et
3100 1404 3287 1476 mundo
3324 1407 3599 1476 cogitatio.
3628 1400 3743 1462 Idea

2152 1473 2411 1528 sincerior.
2434 1470 2619 1527 Omnis
2651 1481 2828 1527 autem
2875 1482 3120 1529 creatura
3144 1476 3198 1529 in
3231 1470 3491 1533 Creatore
3511 1480 3741 1533 existere

2154 1544 2279 1598 hinc
2302 1542 2660 1612 cognoscitur,
2693 1542 2835 1612 quod
2862 1552 3011 1598 extra
3053 1544 3217 1600 Deum
3245 1546 3375 1602 nihil
3410 1563 3539 1604 esse
3578 1550 3739 1604 credi-

2154 1622 2271 1689 tur;
2298 1614 2394 1689 sed
2437 1623 2615 1689 tamen
2640 1628 2747 1669 non
2777 1614 2853 1669 sic
2876 1623 2961 1689 _est
2988 1615 3045 1670 in
3073 1631 3140 1671 eo
3168 1625 3228 1672 ut
3251 1618 3323 1672 sit
3350 1618 3471 1689 ejus
3497 1620 3743 1675 substan-

2156 1686 2226 1740 tia
2251 1685 2337 1739 vel
2377 1699 2502 1753 pars
2537 1685 2651 1755 ejus
2678 1685 2960 1755 ressentize,
2994 1694 3051 1740 ut
3074 1701 3169 1742 cor
3210 1697 3293 1744 est
3321 1685 3642 1745 inanimali
3674 1691 3742 1745 vel

2155 1770 2277 1826 pars
2298 1754 2575 1820 animalis,
2594 1754 2689 1811 sed
2710 1765 2767 1811 ut
2787 1756 3015 1811 lucernae
3056 1758 3239 1814 lumen
3280 1759 3334 1814 in
3371 1760 3490 1816 sole
3527 1776 3649 1815 non
3676 1772 3745 1815 est

2156 1827 2272 1902 ejus
2300 1827 2614 1902 substantia,
2644 1841 2815 1902 neque
2837 1842 2960 1902 pars
2993 1828 3439 1902 jejusessentize‘.
3465 1832 3541 1885 At
3572 1833 3744 1902 aliquis

2156 1899 2349 1955 stultus
2379 1897 2466 1952 hic
2494 1898 2794 1969 prorumpit
2820 1906 2877 1953 et
2902 1897 3050 1963 dicit,
3078 1899 3133 1955 Si
3159 1901 3294 1969 lapis
3324 1911 3409 1957 est
3440 1903 3498 1957 in
3529 1897 3672 1967 Deo;
3699 1913 3744 1958 et

2160 1969 2304 2042 Deus
2339 1978 2421 2024 est
2445 1969 2499 2022 in
2541 1968 2735 2037 lapide,
2757 1983 2884 2042 ergo
2930 1970 3063 2042 lapis
3101 1979 3183 2027 est
3212 1968 3372 2027 Deus.
3396 1972 3521 2028 Non
3580 1974 3744 2042 utique

2159 2040 2420 2110 sequitur,
2452 2047 2507 2113 ut
2531 2054 2689 2093 omne
2726 2040 2870 2113 quod
2904 2050 2987 2095 est
3013 2041 3068 2095 in
3095 2043 3284 2107 altero,
3311 2044 3383 2098 sit
3406 2044 3552 2098 illud
3580 2045 3633 2099 in
3653 2040 3743 2113 quo

2159 2109 2268 2174 est;
2297 2126 2421 2166 nam
2448 2109 2627 2164 vinum
2671 2118 2754 2165 est
2780 2110 2833 2164 in
2864 2120 3000 2176 utre,
3029 2120 3083 2166 et
3124 2122 3297 2168 tamen
3328 2130 3435 2169 non
3484 2124 3583 2169 est
3613 2109 3742 2179 uter;

2159 2182 2240 2236 sol
2264 2196 2475 2251 quoque
2502 2182 2557 2235 in
2585 2181 2823 2250 speculo,
2853 2191 2908 2237 et
2930 2184 3202 2251 speculum
3235 2184 3286 2240 in
3322 2186 3462 2249 sole,
3494 2195 3557 2240 et
3586 2196 3745 2240 tamen

2160 2262 2405 2327 neutrum
2419 2260 2508 2327 est
2532 2252 2672 2322 quod
2693 2252 2855 2327 aliud.
2876 2253 3024 2308 Sicut
3056 2254 3282 2327 quilibet
3304 2254 3497 2311 Romae
3520 2259 3744 2327 positus,

2160 2323 2205 2379 si
2217 2323 2534 2394 cogitatione
2550 2331 2714 2378 totam
2731 2322 2994 2394 civitatem
3012 2322 3364 2390 collustraret,
3382 2322 3550 2383 totam
3572 2329 3750 2382 urbem

2161 2393 2302 2449 cum
2323 2395 2517 2464 populo
2548 2393 2881 2464 imaginando
2917 2397 3082 2450 menti
3114 2410 3226 2451 suae
3251 2397 3584 2463 includeret;
3610 2409 3748 2453 recte

2162 2464 2427 2537 diceretur
2471 2464 2639 2520 Roma
2687 2465 2739 2518 in
2784 2465 2899 2537 ejus
2941 2466 3138 2531 anima,
3189 2474 3245 2522 et
3295 2468 3413 2537 ejus
3469 2470 3659 2523 anima
3703 2471 3748 2523 in

2163 2535 2620 2610 Romaessetnec
2648 2543 2825 2610 tamen
2856 2536 2972 2604 ejus
2995 2537 3290 2592 substantia
3316 2535 3439 2594 esse
3471 2558 3487 2593 :
3517 2540 3609 2594 sic
3635 2555 3747 2610 pro-

2162 2605 2307 2662 fecto
2338 2608 2478 2661 Deus
2504 2606 2557 2661 in
2599 2606 2743 2661 omni
2793 2617 3058 2675 creatura,
3106 2616 3163 2663 et
3198 2609 3371 2663 omnis
3401 2605 3665 2665 creatura
3703 2612 3747 2664 in

2160 2692 2230 2751 eo
2257 2676 2979 2751 rectissimeafﬁ_rmatur,iet
3003 2687 3178 2751 tamen
3200 2689 3469 2751 neutrum
3487 2681 3641 2751 quod
3680 2690 3747 2736 est

2163 2748 2350 2815 aliud;
2378 2750 2470 2804 sed
2526 2749 2613 2803 hic
2647 2748 2871 2803 Creator
2890 2750 3032 2805 Deus
3058 2750 3421 2817 immutabilis,
3457 2748 3592 2808 haec
3618 2768 3747 2808 crea-

2164 2826 2283 2875 tura
2323 2820 2595 2874 mutabilis
2623 2820 2901 2875 verissime
2926 2820 3259 2889 praedicatur.

2234 2890 2341 2961 Sed
2357 2890 2480 2961 quia
2511 2906 2610 2945 nos
2631 2892 2683 2945 in
2701 2891 2932 2946 tenebris
2950 2892 3058 2945 nati
3073 2907 3276 2959 sumus,
3294 2892 3488 2949 lumen
3521 2894 3744 2949 veritatis

2164 2960 2349 3035 videre
2370 2960 2475 3016 non
2491 2976 2790 3035 possumus.
2818 2961 3070 3017 Mundum
3095 2963 3237 3019 hunc
3270 2980 3461 3035 super
3505 2965 3746 3035 abyssum

2164 3030 2465 3098 fundatum,
2494 3030 2670 3087 Deum
2710 3040 2886 3104 autem
2913 3048 3032 3088 cum
3052 3035 3240 3104 Angeli
3265 3034 3316 3088 in
3343 3030 3494 3089 coelo
3528 3030 3746 3091 locatum

2165 3104 2475 3174 cogitamus,
2506 3112 2560 3158 et
2583 3113 2733 3159 extra
2758 3103 2899 3159 hunc
2923 3103 3177 3159 mundum
3208 3105 3341 3160 nihil
3371 3106 3483 3160 nisi
3512 3108 3746 3162 tenebras

2165 3188 2285 3246 esse
2312 3174 2694 3246 putamus.Sed
2723 3176 2898 3246 potius
2926 3176 3070 3230 visus
3099 3176 3293 3231 mentis
3319 3187 3529 3232 nostra:
3555 3179 3749 3246 magni.

2165 3244 2347 3317 tudine
2376 3260 2517 3317 verae
2550 3245 2680 3299 lucis
2710 3245 3022 3317 hebetatur,
3055 3246 3193 3317 sicut
3228 3262 3527 3317 corporeus
3579 3244 3749 3303 oculos

2164 3314 2371 3386 fulgore
2399 3316 2527 3372 solis
2552 3315 2943 3379 reverberatur,
2973 3326 3027 3372 et
3053 3316 3286 3372 tenebrae
3318 3314 3520 3372 nostra:
3553 3327 3753 3372 tantam

2165 3387 2459 3442 claritatem
2495 3402 2600 3441 non
2640 3387 3115 3456 comprehendunt,
3148 3394 3203 3443 et
3259 3388 3517 3458 caligante
3576 3389 3755 3443 cordis

2165 3458 2358 3530 intuitu
2376 3472 2492 3530 eam
2516 3472 2613 3512 nos
2633 3458 2984 3530 contemplari
3010 3459 3364 3529 praepediunt.
3387 3460 3604 3530 Nempe
3621 3470 3751 3514 totus

2164 3527 2253 3585 hic
2298 3528 2527 3584 mundus
2572 3530 2736 3583 instar
2791 3527 3089 3583 brevissimi
3128 3527 3324 3598 puncti
3381 3527 3551 3584 intra—
3599 3532 3751 3586 Deum

2165 3600 2458 3669 colligitur;
2481 3600 2823 3656 serenissima
2843 3609 3023 3655 autem
3039 3601 3125 3653 lux
3152 3600 3450 3669 majestatis
3470 3601 3602 3670 ejus
3618 3612 3751 3657 extra

2165 3672 2399 3741 undique
2419 3676 2631 3725 versum
2658 3672 2710 3725 in
2731 3671 3050 3743 immensum
3077 3670 3407 3726 diffunditur.
3431 3672 3592 3729 Deus
3617 3674 3751 3743 quip-

2165 3757 2232 3812 pe
2260 3740 2505 3797 universa
2535 3757 2693 3811 supra
2733 3752 2787 3797 et
2816 3740 2972 3805 infra,
3007 3742 3229 3797 interius
3257 3750 3310 3797 et
3330 3744 3613 3810 exterius,
3635 3740 3691 3798 et
3709 3746 3753 3796 in

2165 3814 2391 3869 circuitu
2436 3812 2811 3876 essentialiter,
2836 3813 3038 3882 replet;
3068 3820 3121 3867 et
3148 3813 3340 3867 nullius
3378 3823 3660 3869 creaturae
3685 3814 3753 3867 in.

2164 3884 2407 3939 tellectus
2438 3883 2884 3939 interminabilem
2913 3888 3029 3952 ejus
3077 3884 3434 3937 substantiam
3470 3885 3591 3940 ulla
3625 3884 3754 3953 cogi-

2164 3957 2363 4010 tatione
2400 3955 2641 4010 excedit.
2700 3954 2810 4009 Hoc
2860 3954 3053 4009 iterum
3101 3954 3373 4009 inﬁrmum
3425 3955 3752 4011 intellectum

2163 4027 2505 4091 scandalizat,
2534 4034 2589 4081 et
2618 4026 2805 4080 tacitus
2850 4025 2989 4094 apud
3013 4040 3072 4080 se
3110 4026 3313 4080 volutat
3346 4043 3358 4078 :
3386 4024 3450 4080 Si
3494 4036 3687 4081 cuncta
3708 4028 3751 4079 in

2166 4098 2274 4152 Deo
2327 4105 2467 4165 sunt,
2494 4112 2621 4167 ergo
2645 4105 2698 4151 et
2736 4096 2846 4165 lupi
2883 4106 2938 4151 et
2964 4105 3240 4166 Serpentes
3266 4096 3376 4151 imo
3398 4104 3459 4167 et
3485 4096 3750 4151 daemones

2164 4168 2217 4223 in
2246 4184 2310 4224 eo
2339 4177 2480 4223 sunt.
2514 4168 2631 4234 Hie,
2666 4178 2722 4221 ut
2748 4181 2929 4236 supra,
2958 4167 3104 4222 nulla
3139 4166 3581 4222 inconvenientia
3620 4182 3750 4222 com-

2201 4240 2437 4305 robatur,
2482 4240 2607 4293 dum
2655 4240 2707 4292 in
2747 4238 2830 4292 his
2870 4238 3116 4292 omnibus
3178 4238 3375 4293 bonum
3434 4240 3747 4307 reperiatur.

2201 4255 2437 4305 rouatur,
2482 4255 2607 4293 dum
2655 4255 2707 4292 in
2747 4255 2830 4292 ms
2870 4255 3116 4292 omnibus
3178 4255 3375 4293 bonum
3434 4255 3746 4307 reperiatur.

2161 4255 2330 4366 smne
2353 4321 2530 4364 autem
2552 4310 2747 4363 bonum
2776 4308 2830 4363 in
2852 4309 2967 4365 Deo
2994 4317 3095 4375 est,
3114 4319 3263 4364 extra
3292 4322 3455 4377 quem
3492 4310 3633 4363 nihil
3661 4318 3746 4362 est.

2234 4381 2457 4437 CAPUT
2484 4379 2676 4435 XXVI.
2706 4378 2808 4435 Cur
2850 4396 2951 4434 non
3000 4380 3162 4450 omnis
3202 4388 3453 4450 creatura
3499 4381 3749 4450 aequaliter

2162 4453 2290 4525 bono
2320 4455 2545 4525 fruatur,
2565 4468 2676 4505 cum
2698 4451 2859 4525 omnis
2877 4451 2942 4505 sit
2961 4450 3013 4504 in
3030 4449 3155 4504 Deo.
3180 4449 3315 4525 Quid
3335 4450 3399 4503 sit
3420 4450 3747 4525 maluntpati.

2163 4524 2267 4580 Sed
2297 4520 2572 4593 quaeritur,
2601 4537 2696 4576 cur
2720 4522 2895 4591 aliqua
2917 4530 3161 4593 creatura
3192 4520 3487 4593 quidquam
3520 4522 3647 4575 mali
3670 4534 3749 4593 pa:

2161 4589 2338 4661 tiatur,
2368 4602 2421 4650 et
2446 4610 2550 4647 non
2591 4593 2763 4663 potius
2806 4589 2918 4647 tota
2956 4589 3233 4660 aequaliter
3273 4589 3415 4645 bono
3452 4591 3683 4657 fruatur,
3709 4589 3749 4641 si

2162 4667 2323 4730 Deus,
2354 4666 2443 4735 qui
2468 4673 2549 4719 est
2577 4678 2842 4735 summum
2865 4663 3084 4726 bonum,
3113 4663 3167 4715 in
3192 4662 3337 4735 omni
3358 4671 3599 4735 creatura
3631 4675 3749 4714 esse

2160 4732 2478 4792 declaratur.
2508 4734 2611 4791 Sed
2650 4733 2923 4789 sciendum
2967 4742 3070 4796 est,
3103 4733 3244 4801 quod
3280 4733 3421 4788 sicut
3448 4732 3623 4786 anima
3663 4746 3751 4799 per

2162 4816 2330 4864 totum
2360 4821 2552 4876 corpus
2590 4804 2801 4868 dill‘usa,
2835 4805 2905 4876 in,
2927 4803 3151 4873 singulis
3196 4804 3745 4876 membristota‘eon-

2160 4880 2300 4935 sistit
2328 4920 2341 4943 ,
2372 4872 2477 4932 non
2534 4887 2710 4931 tamen
2740 4875 2960 4944 singulis
2988 4872 3245 4929 membris
3280 4883 3389 4929 tota
3415 4872 3748 4944 administra-

2163 4950 2322 5006 tionis
2350 4965 2460 5005 suae
2486 4962 2705 5002 munera
2748 4943 2953 5009 tribUit,
2995 4946 3091 4999 sed
3128 4946 3286 5001 oculo
3324 4954 3533 4999 tantum
3570 4943 3745 4997 videre

2161 5031 2342 5076 etnon
2394 5020 2600 5084 audire,
2631 5018 2747 5072 auri
2790 5026 2970 5072 autem
3012 5015 3197 5072 audire
3238 5024 3290 5071 et
3318 5031 3425 5071 non
3470 5015 3669 5079 videre,
3701 5023 3747 5064 et

2162 5102 2215 5149 et
2235 5093 2445 5147 caeteris
2466 5090 2518 5143 in
2552 5089 2692 5144 hunc
2721 5087 2969 5152 modum;
3000 5089 3298 5142 membrum
3340 5096 3519 5142 autem
3548 5087 3634 5140 cui
3656 5084 3747 5137 do-

2160 5179 2289 5219 num
2346 5161 2698 5231 vegetationis
2746 5158 3009 5213 subtrahit
3062 5158 3313 5231 stolidum
3364 5167 3422 5231 et
3471 5157 3655 5231 inutile
3699 5154 3744 5231 in

2161 5249 2386 5303 corpore
2414 5227 2733 5304 remanebit,
2762 5238 2817 5284 et
2848 5231 2947 5304 hoc
2973 5228 3306 5304 malumjpati
3346 5229 3429 5284 vel
3468 5227 3599 5282 nihil
3645 5227 3743 5304 pati

2161 5299 2478 5369 afﬁrmatur,
2510 5303 2633 5373 quia
2674 5302 2817 5373 bono
2843 5302 3081 5373 privatur
3108 5319 3132 5373 :7
3153 5302 3231 5355 sic
3274 5299 3417 5355 Deus
3444 5314 3538 5368 per
3563 5299 3737 5373 omnia

2161 5376 2389 5432 diffusus
2410 5368 2471 5429 in
2494 5368 2717 5443 singulis
2747 5368 2891 5427 totus
2918 5372 3302 5443 consistit,no_n
3337 5382 3513 5443 tamen
3530 5368 3747 5436 singulis

2162 5456 2351 5503 cuncta
2396 5446 2534 5500 dona
2572 5440 2757 5515 gratiae
2795 5456 2906 5498 suae
2938 5443 3160 5509 tribuit;
3191 5441 3287 5498 sed
3334 5440 3546 5515 singulis
3597 5444 3745 5515 prout

2162 5519 2263 5574 sibi
2290 5510 2753 5587 placueritflapidi
2782 5523 2988 5587 tantum
3010 5529 3129 5587 esse
3148 5523 3340 5587 ergo“
3365 5510 3553 5587 vii-ere,
3573 5510 3746 5587 am,“

2164 5578 2461 5646 crescendo
2491 5578 2671 5643 vivere
2700 5601 2804 5643 non
2828 5586 3049 5653 sentire,
3084 5586 3270 5642 bestiis
3300 5584 3489 5640 sentire
3514 5595 3621 5634 non
3640 5578 3741 5631 dis-

2240 5808 2259 5840 ι
2287 5806 2471 5860 Absunt
2489 5808 2593 5862 haec
2627 5821 2658 5865 a
2695 5815 2824 5875 Mss.
2859 5812 2910 5866 ut
2938 5818 3266 5873 φλυαρίας
3298 5804 3643 5871 quam
