3804 6358
175 310 295 371 1025

179 428 270 510 Sed
283 428 458 510 stultus
472 442 603 510 porr
622 430 871 510 intelligit
889 430 1031 500 haec;
1057 436 1196 493 ratio
1214 446 1400 510 autem,
1413 452 1531 510 quae
1541 445 1743 510 cuncta

181 501 631 579 discemit,__l'acile
662 504 778 560 haec
800 501 901 579 fita
949 520 1071 563 esse
1099 501 1490 579 comprobabit.
1539 509 1745 579 Nempe

181 526 423 568 ursceruu,
466 526 631 560 meite
662 526 778 560 ιιωο
826 526 901 561 ita
949 526 1071 563 esse
1099 526 1490 579 comprooantt.
1539 526 1671 564 rtem
1713 526 1740 565 e

180 570 680 654 quidquidit'lisoitur,
716 576 908 631 melius
946 593 1045 649 per
1070 578 1243 635 visum
1276 595 1435 654 quam
1463 595 1560 650 per
1584 526 1740 635 audii-

177 654 270 726 tntn
288 648 511 723 capitur.
530 648 668 702 Nam
696 648 953 726 quantum
970 664 1114 726 caeco
1127 661 1252 706 nato
1277 648 1343 706 de
1358 648 1742 726 sole’narrave-

168 719 371 788 ropitp'ae
388 728 565 792 tamen
587 719 895 792 nescitquid
908 720 979 792 sit
987 723 1088 788 sol,
1112 737 1270 792 quem
1289 736 1561 792 nunquam
1582 723 1735 789 vidit;

132 841 138 846 .
169 795 359 845 tantum
378 789 554 862 verbis
578 790 915 862 meisocredit
936 789 1144 861 aliquid
1162 807 1282 848 esse
1317 789 1459 862 quod
1480 792 1552 848 ita
1574 808 1737 849 voce-

172 872 268 927 tur,
288 870 371 934 aut
398 859 624 934 fortasse
648 860 857 934 dubitat
881 859 1171 932 quidquam
1193 879 1313 919 esse
1336 859 1393 918 in
1415 879 1474 919 re
1499 864 1641 934 quod
1659 865 1737 920 sic

172 933 449 1005 nominetur
486 949 499 984 :
538 931 630 1001 qui
672 932 721 987 si
750 942 970 1005 repente
1001 931 1218 1005 videat,
1250 934 1367 1005 ipso
1401 931 1531 1005 visui
1563 935 1734 990 solem

170 1018 274 1077 esse
297 1003 501 1077 probat,
531 1017 691 1077 quem
728 1003 908 1057 auditu
937 1004 1080 1060 scire
1109 1019 1227 1077 non,
1246 1003 1472 1077 poterat.
1507 1004 1733 1077 Sicsple-

169 1076 304 1146 rique
330 1074 454 1146 caeci
482 1074 774 1146 scripturas
802 1084 1066 1130 noverunt
1089 1117 1104 1142 ,
1138 1074 1454 1132 sed'tamen
1494 1074 1633 1146 quid
1662 1077 1732 1132 sit

163 1145 287 1199 liber
312 1144 394 1198 vel
423 1144 597 1216 littera
619 1145 887 1211 nesciunt;
917 1161 1143 1215 quorum
1165 1146 1307 1202 oculi
1327 1147 1372 1203 si
1398 1144 1573 1202 subito
1598 1162 1728 1216 ape-

162 1217 373 1282 riantur,
398 1224 451 1270 et
474 1214 618 1288 libro
652 1229 831 1288 coram
864 1214 1037 1286 posito
1082 1218 1208 1288 quid
1247 1220 1317 1273 sit
1338 1218 1480 1288 quod
1508 1214 1722 1283 vident,

158 1288 435 1359 mirantur,
468 1293 527 1340 et
572 1285 688 1359 visu
724 1285 1077 1359 discernunt‘
1098 1285 1250 1359 ‘quod
1279 1285 1462 1344 auditu
1491 1288 1597 1343 non
1625 1304 1725 1358 po-

157 1364 378 1413 tuerunt.
406 1356 574 1411 Porro
610 1356 664 1427 si
688 1356 849 1427 alicui
888 1358 1098 1413 illorum
1125 1356 1345 1427 'dixero,
1377 1360 1493 1414 talis
1522 1356 1720 1426 littera,

156 1431 443 1492 Avocatur,
472 1434 526 1481 et
554 1426 694 1494 talis,
720 1426 763 1480 B
790 1429 1133 1495 nominatur;
1164 1445 1290 1485 mox
1334 1430 1598 1485 introrsus
1635 1445 1722 1485 re-

157 1500 328 1570 currit,
349 1498 631 1570 veritatem
657 1498 901 1570 consulit,
931 1508 987 1554 et
1014 1515 1200 1555 verum
1229 1514 1348 1557 esse
1367 1501 1557 1570 probat
1579 1500 1721 1570 quod

155 1569 311 1624 audit.
337 1566 471 1635 Quid
511 1582 641 1641 ergo
666 1567 807 1641 hunc
846 1569 1028 1637 docui,
1054 1572 1147 1641 qui
1190 1585 1290 1626 nec
1331 1566 1478 1640 prius
1503 1566 1737 1638 auditu,

152 1655 245 1696 nec
267 1647 448 1710 postea
480 1639 604 1711 visu
627 1639 766 1695 scire
809 1641 984 1709 potuit
1010 1639 1143 1711 quid
1191 1639 1369 1697 littera
1400 1650 1575 1707 esset,
1606 1642 1713 1697 nisi

153 1712 362 1767 veritate
403 1712 546 1782 int_us
574 1709 829 1777 docente,
867 1719 923 1766 et
966 1709 1083 1766 visu
1122 1711 1251 1766 foris
1281 1712 1541 1782 probante
1577 1712 1717 1768 hanc

154 1780 435 1837 edisceret?
459 1779 573 1850 Ego
596 1788 800 1835 tantum
825 1796 1006 1840 sonos.
1024 1779 1308 1838 verborum
1335 1782 1570 1851 protuli;
1598 1782 1715 1852 ipse

154 1868 272 1907 vero
299 1852 456 1906 verba
484 1861 535 1905 et
566 1866 654 1906 res
680 1867 776 1920 per
799 1852 958 1923 verba
985 1852 1307 1923 significatas
1330 1854 1554 1908 veritate
1571 1853 1713 1909 intus

156 1924 468 1995 examinante
493 1923 760 1995 cognovit.
790 1922 880 1978 Sic
907 1938 1001 1995 vos
1029 1939 1259 1995 quoque,
1292 1924 1338 1979 si
1366 1924 1532 1995 multa
1560 1924 1712 1979 vobis

157 1939 468 1978 examinante
493 1939 760 2047 cognoui.
790 1939 880 1978 Sic
907 1939 1001 1977 vos
1029 1939 1259 2048 quoque,
1292 1939 1338 1979 ει
1366 1939 1532 1979 multa
1560 1939 1711 1979 vonis

157 1994 219 2049 de
242 1994 511 2064 elephante
577 1993 747 2065 itero,
782 1994 1010 2065 nescitis
1045 1995 1134 2064 qui
1176 2064 1183 2065 γ
1219 1995 1288 2048 sit
1330 1994 1568 2065 elephas,
1608 1994 1711 2050 nisi

155 2080 270 2119 eum
295 2065 553 2129 videritis;
581 2064 660 2118 sic
685 2063 855 2135 multa
880 2064 949 2120 de
979 2063 1145 2120 David
1171 2063 1433 2135 legimus,
1462 2074 1517 2121 et
1556 2065 1709 2135 quasi

156 2135 324 2190 rufum
350 2135 609 2190 hominem
636 2144 691 2190 et
719 2134 997 2204 pulchrum
1022 2134 1241 2205 aspectu
1266 2150 1390 2191 eum
1420 2134 1664 2191 novimus
1687 2177 1703 2201 ,

160 2207 247 2289 qui
269 2207 314 2261 si
334 2207 390 2287 ad
407 2221 637 2289 praesens
656 2205 1049 2289 intrortothnum
1078 2208 1228 2288 illum
1258 2207 1707 2289 agnosceremus?

163 2275 294 2331 Puto
338 2278 547 2331 minime.
569 2275 788 2348 Quare?
817 2276 949 2343 Quia
993 2293 1023 2332 a
1070 2275 1338 2348 magistris
1374 2277 1583 2332 discere
1612 2292 1706 2332 ne-

163 2349 417 2421 quivimus,
445 2346 583 2421 quod
619 2347 840 2403 veritate
858 2347 1005 2402 visus
1049 2346 1180 2421 non
1204 2347 1562 2421 probavimus.
1599 2348 1704 2403 Do-

157 2418 324 2474 ctores
345 2418 526 2473 etenim
554 2428 757 2473 tantum
782 2432 944 2476 sonos
963 2419 1245 2473 verborum
1272 2418 1583 2488 proferunt;
1609 2433 1706 2473 au-

154 2488 339 2545 ditores
373 2499 544 2544 autem
582 2489 805 2544 veritate
847 2490 991 2544 intus
1029 2489 1276 2554 docente,
1308 2490 1469 2544 verba
1494 2498 1698 2554 mente,

152 2575 232 2615 res
257 2561 365 2616 visu
386 2560 618 2615 discunt.
650 2559 740 2614 Sic
770 2560 991 2631 litteras,
1021 2560 1098 2614 sic
1120 2561 1328 2631 ignotas
1356 2560 1583 2630 linguas,
1624 2561 1703 2615 sic

152 2633 315 2687 varias
339 2640 473 2686 artes
492 2631 767 2696 discimus,
791 2630 917 2685 dum
945 2645 1106 2687 sonos
1139 2630 1423 2686 verborum
1448 2646 1477 2683 a
1504 2644 1703 2700 praece-

155 2703 370 2771 ptoribus
394 2702 732 2772 percipimus,
767 2715 854 2756 res
892 2703 1033 2771 ipsas
1058 2701 1280 2758 veritate
1305 2701 1533 2757 docente
1560 2701 1702 2755 intus

156 2774 548 2830 consideramus.
577 2772 684 2828 Sed
711 2772 835 2841 quid
864 2772 930 2828 de
955 2783 1117 2827 cantu
1164 2780 1246 2828 est
1273 2772 1580 2839 dicendum,
1611 2773 1702 2841 qui

154 2859 242 2899 non
270 2844 491 2910 videtur,
522 2844 617 2899 sed
646 2852 851 2899 tantum
879 2844 1064 2897 auditu
1090 2843 1334 2899 discitur?
1362 2843 1550 2897 Nonne
1573 2842 1702 2897 dum

153 2928 233 2970 vox
259 2916 495 2971 canentis
522 2914 653 2971 foris
678 2923 852 2979 sonat,
876 2914 1070 2968 veritas
1099 2914 1240 2968 intus
1268 2914 1419 2984 quasi
1443 2914 1702 2983 quosdam

149 2999 379 3042 ascensus
406 2986 556 3041 vocis
586 2987 639 3040 in
679 2985 854 3039 anima
883 2984 1112 3039 format?
1141 2985 1303 3055 Igitur
1331 2985 1463 3038 nihil
1484 2984 1703 3039 omnino

148 3071 226 3125 per
244 3057 515 3112 hominem
544 3058 646 3111 nisi
678 3058 823 3111 solus
848 3071 1012 3110 sonus
1041 3055 1300 3119 discitur;
1334 3055 1493 3109 verba
1522 3062 1703 3109 autem

147 3138 187 3182 et
221 3144 307 3184 res
336 3144 430 3198 per
458 3129 737 3182 veritatem
772 3128 823 3181 in
854 3126 1092 3198 interiori
1120 3126 1338 3180 homine
1361 3125 1701 3198 habitantem

145 3195 501 3255 discernuntur
519 3201 559 3252 ³.
591 3198 657 3252 Ει
685 3198 761 3253 sic
782 3196 1057 3253 verissime
1080 3212 1214 3252 unus
1234 3195 1488 3267 magister
1509 3195 1703 3265 praedi-

143 3279 299 3337 catur,
338 3287 366 3324 a
398 3285 505 3349 quo
530 3270 756 3349 quisque
798 3268 1361 3349 interiusrinstruitnur.
1406 3266 1702 3349 Eaautem

140 3356 245 3410 qua:
272 3357 301 3395 a
322 3338 477 3395 nobis
514 3338 622 3396 non
640 3338 908 3405 videntur,
935 3348 995 3394 ut
1022 3339 1160 3394 Deus
1179 3348 1234 3394 et
1256 3338 1465 3409 Angeli,
1497 3346 1704 3392 tantum

136 3426 246 3467 esse
271 3414 579 3467 creduntur.

200 3483 415 3538 CAPUT
443 3481 708 3537 XXXVII.
738 3481 873 3549 Quid
915 3479 1154 3548 di/ferant
1193 3480 1393 3535 credere
1434 3478 1620 3547 Deum,
1659 3486 1705 3533 et

138 3555 329 3606 credere
353 3555 402 3607 in
418 3553 607 3609 Deum.
636 3552 793 3607 Fides
820 3569 954 3607 vera.
983 3551 1127 3608 DISC.
1146 3551 1334 3607 Diﬁert
1356 3550 1705 3622 aliquid,cre-

138 3622 269 3678 dere
292 3625 467 3689 Deum,
495 3635 548 3680 et
575 3625 793 3680 credere
814 3623 867 3678 in
892 3624 1103 3679 Deum?

206 3694 341 3750 Msa.
379 3696 621 3751 Multum.
651 3697 936 3750 Daemones
960 3695 1158 3749 etenim
1183 3704 1237 3750 et
1259 3694 1456 3763 Pagani
1482 3692 1706 3750 credunt

133 3764 315 3830 Deum,
349 3768 442 3822 sed
476 3783 584 3821 non
622 3766 849 3821 credunt
894 3766 948 3819 in
978 3767 1163 3820 Deum.
1203 3765 1441 3821 Creduut
1474 3779 1703 3833 namque

132 3836 269 3906 quod
314 3838 453 3893 Deus
498 3838 567 3892 sit
610 3838 698 3906 qui
739 3836 916 3890 omnia
949 3837 1166 3901 creavit,
1223 3852 1285 3891 ac
1334 3850 1497 3904 super
1524 3837 1702 3891 omnia

136 3917 321 3974 potens
346 3910 432 3963 sit.
468 3908 526 3963 In
556 3908 723 3962 Deum
747 3916 925 3962 autem
958 3915 1162 3961 tantum
1187 3906 1433 3971 credunt,
1464 3906 1553 3974 qui
1582 3921 1703 3961 cum

135 3978 395 4047 diligme
449 3980 503 4034 in
543 3978 690 4033 illum
744 3977 985 4033 tendunt.
1038 3978 1173 4032 Vera
1224 3986 1401 4032 autem
1444 3977 1576 4031 ﬁdes
1624 3985 1707 4031 cst

134 4052 367 4114 credere,
399 4051 540 4120 quod
561 4050 700 4105 Deus
722 4051 774 4103 in
795 4049 1025 4104 essentia
1054 4049 1343 4120 sigunitas,
1368 4057 1421 4102 et
1448 4047 1499 4100 in
1526 4062 1708 4116 perso-

136 4121 215 4173 nis
235 4119 460 4185 trinitas,
493 4129 547 4175 et
594 4120 679 4174 hic
708 4129 896 4175 cuncta
929 4134 996 4175 ex
1039 4119 1207 4174 nihilo
1234 4119 1412 4175 Verbo
1437 4132 1535 4172 suo
1558 4134 1708 4172 crea-

135 4192 282 4255 verit,
314 4208 379 4247 ac
397 4193 629 4260 collapsa
648 4191 833 4246 eodem
871 4190 1046 4246 Verbo
1072 4190 1346 4245 incarnato
1370 4198 1708 4244 restauravc-

138 4260 223 4327 rit,
259 4275 309 4316 et
356 4265 407 4317 in
451 4264 636 4317 ultimo
687 4262 774 4317 die
829 4278 923 4332 per
965 4261 1217 4330 Spiritum
1261 4277 1414 4316 suum
1460 4261 1707 4315 universa

141 4331 435 4399 innovabit;
468 4343 521 4389 et
558 4334 659 4388 hoc
684 4331 1023 4389 credentibus
1047 4348 1312 4387 summum
1348 4332 1567 4397 bonum,
1600 4332 1707 4386 sci-

142 4402 257 4457 licet
277 4421 336 4460 se
366 4406 560 4475 ipsum,
587 4406 637 4457 in
669 4404 889 4474 praemio
914 4403 1076 4457 dabit.
1096 4403 1222 4475 llaec
1244 4402 1377 4475 ﬁdes
1398 4402 1501 4456 vita
1518 4402 1710 4475 anima:

140 4477 330 4541 existit,
365 4472 415 4531 et
444 4492 541 4546 per
565 4472 702 4528 hanc
718 4476 892 4545 justus
920 4475 1082 4546 vivit.
1104 4474 1227 4546 Iltec
1249 4472 1384 4528 ﬁdes
1413 4487 1509 4546 spe
1539 4474 1710 4527 nutri-

142 4552 241 4611 tur,
262 4559 320 4601 ut
340 4544 536 4615 corpus
563 4545 682 4601 cibo
719 4546 985 4609 reﬁcitur;
1017 4544 1302 4600 dilectione
1342 4544 1624 4609 animatur,
1656 4552 1713 4598 ut

144 4630 327 4685 corpus
344 4621 521 4673 anima
553 4618 883 4682 vivilicatur;
923 4616 1138 4671 dilectio
1180 4623 1359 4671 autem
1401 4615 1713 4683 operatione

146 4684 530 4757 comprobatur,
558 4688 697 4742 unde
716 4698 769 4743 et
794 4688 926 4742 ﬁdes
946 4687 1061 4741 sine
1078 4686 1326 4756 operibus
1346 4693 1553 4740 mortua
1574 4684 1715 4740 affir-

147 4756 306 4830 matur
334 4759 537 4830 (Jacobi
554 4775 610 4822 ιι,
644 4759 752 4829 17).
777 4760 916 4829 Ergo
934 4758 1036 4812 tide
1060 4758 1235 4830 anima
1263 4756 1491 4830 declinat
1515 4772 1544 4830 a
1574 4756 1715 4830 malo

146 4836 191 4899 et
218 4828 576 4893 facit‘bonum,
608 4828 918 4899 specunc’ta
944 4828 1249 4883 transitoria
1272 4828 1499 4899 respuit,
1527 4828 1712 4883 invisi-

148 4896 256 4970 bilia
285 4902 382 4956 sibi
404 4902 604 4956 similia
625 4896 652 4930 ³⁷
671 4903 889 4970 appetit,
918 4900 1204 4956 dilectione
1225 4896 1447 4970 quisque
1473 4898 1601 4954 dura
1631 4908 1714 4953 to-

151 4967 293 5036 lerat,
332 4973 511 5027 carnis
548 4967 777 5041 impetus
824 4974 1078 5038 refrenat,
1116 4967 1418 5041 necessaria
1460 4970 1715 5039 proximis

152 5053 349 5109 erogat,
378 5058 595 5098 summo
627 5039 776 5097 ibono
803 5057 1016 5113 semper
1052 5042 1287 5097 anhelat.
1334 5039 1497 5113 Igitur
1539 5043 1715 5097 anima

152 5125 255 5180 quae
278 5115 354 5170 sic
382 5113 655 5170 credendo
682 5123 737 5168 et
760 5114 1024 5183 sperando
1049 5113 1103 5185 in
1134 5113 1299 5169 Deum
1327 5112 1513 5179 tendit,
1542 5113 1716 5185 ipsum

152 5195 397 5241 summum
426 5185 628 5240 bonum
658 5185 775 5240 sine
796 5186 898 5239 linc
920 5184 1155 5241 habebit.

208 5275 429 5332 CAPUT
466 5274 755 5330 XXXVIII.
805 5275 953 5342 Quod
994 5275 1178 5329 animae
1223 5291 1375 5330 carne
1416 5276 1596 5330 soluta:
1645 5275 1721 5331 ni!

160 5360 431 5418 corporeum
451 5348 687 5401 sentiant.
714 5348 855 5403 Dtsc.
879 5348 935 5403 Si
956 5346 1148 5401 anima:
1167 5348 1478 5402 naturaliter
1501 5355 1625 5401 sunt
1643 5347 1721 5401 Iu-

168 5417 301 5489 tidie,
332 5419 589 5489 qumritur
619 5427 795 5473 utrum
832 5418 1114 5472 animabus
1151 5432 1379 5486 corpore
1405 5419 1578 5473 exutis
1622 5420 1717 5473 lux

166 5485 246 5544 diei
280 5485 790 5563 aliquid_conferat,
826 5489 913 5544 vel
939 5503 1140 5563 rursus
1162 5489 1333 5563 caligo
1357 5490 1532 5549 noctis
1559 5490 1718 5561 quid-

162 5570 299 5631 quam
325 5558 390 5616 ad
414 5558 703 5615 videndum
730 5560 958 5619 noceat?

209 5698 229 5766 ξ
258 5703 336 5766 Is.
369 5696 608 5766 Audacem,
630 5696 839 5752 diacwtt.

210 5761 231 5793 ‘
261 5758 387 5808 Idem
407 5766 517 5819 ιε..
540 5758 804 5814 ditamur.

214 5822 234 5858 ι
262 5820 403 5886 anu,
425 5819 551 5876 sicut

1113 316 1321 377 LIBER
1357 317 1450 379 DE
1483 316 1897 379 COGNITIONE
1937 319 2147 379 VERE
2184 319 2397 383 VITJE.

3294 334 3456 424 me

1921 436 2060 512 Mto.
2108 436 2260 512 Sicut
2286 451 2482 512 corpus
2507 437 2624 497 sine
2647 441 2823 500 anima
2848 443 2982 505 nihil
2998 448 3213 508 sentire
3245 458 3432 512 cerni-

1849 508 2066 594 tur,ﬂsic
2109 509 2293 594 utique
2335 508 2513 594 anima
2553 513 2669 593 sine
2694 529 2925 594 corpore
2949 519 3083 594 nihil
3109 508 3429 594 corporeum
3500 548 3501 553 π

1848 580 2049 663 sentire
2087 580 2343 663 oreditur.
2388 581 2609 651 Corpori
2633 580 2832 657 quipp'e
2861 588 3093 647 admixta
3122 580 3222 663 per
3245 580 3430 654 oculos

1845 650 2008 737 seotit
2032 651 2259 716 colores,
2284 666 2381 720 per
2406 650 2564 737 aures
2589 650 2778 737 voces;
2800 674 2895 737 per
2919 676 3075 716 nares
3096 650 3308 731 odores,
3333 650 3431 737 per

1841 722 2079 845 Balatum
2111 737 2350 803 sapores,
2380 738 2475 792 per
2504 734 2701 780 tactum
2731 722 2815 783 vel
2846 731 3110 788 incessum
3138 751 3225 790 res
3261 722 3429 808 tarigi-

1882 790 1978 845 tles
2009 793 2230 845 mollitie
2256 794 2339 845 vel
2383 794 2577 845 duritia
2606 796 2931 845 differentes-
2970 804 3003 845 Α
3042 821 3267 845 οηι-ηηιιρ
3294 824 3423 845 ναι-Λ

1882 790 1978 846 iles
2009 790 2239 875 mollitie
2256 794 2339 848 vel
2380 790 2577 849 duritia
2606 796 2932 875 differentes.
2965 804 3010 857 A
3042 790 3275 875 corpore
3294 790 3424 864 vé‘i‘o

1841 871 2084 950 gnatam
2110 863 2240 950 nihil
2259 880 2586 950 corporeum
2608 871 2956 950 corporaliter
2979 863 3162 950 sentit',
3186 863 3424 950 quasque

1840 946 1928 1005 res
1966 938 2020 987 in
2062 938 2386 1003 proprietate
2425 938 2766 1005 substantiae,
2793 941 3073 999 abstractis
3112 938 3423 1005 acc'ideniiis

1841 1002 2081 1084 colorum
2113 1002 2393 1084 censpicit,
2429 1008 2721 1084 spiritualia
2751 1002 2963 1084 quoque
2989 1028 3087 1067 suo
3113 1002 3422 1075 morevsen:

1837 1074 1919 1126 tit.
1944 1074 2091 1145 Sicut
2117 1090 2242 1145 ergo
2265 1076 2442 1131 lumen
2460 1074 2701 1134 candela:
2733 1074 3100 1140 nihil-confert
3128 1089 3226 1144 soli
3253 1074 3423 1145 adlu-

1835 1144 2062 1225 eendum
2086 1187 2110 1225 ,_
2132 1144 2221 1225 sic
2255 1146 2509 1225 profecto
2523 1150 2611 1225 luit
2642 1151 2772 1204 solis
2802 1153 2934 1225 nihil
2964 1157 3183 1211 omnino
3209 1144 3420 1215 confert

1832 1216 2025 1292 animm
2045 1216 2112 1270 ad
2126 1217 2442 1292 videndum.
2471 1220 2536 1292 Et
2560 1221 2696 1275 sicut
2721 1238 2829 1277 nox
2848 1224 3006 1292 jubar
3030 1227 3159 1282 solis
3185 1245 3291 1283 non
3318 1231 3421 1285 im-

1832 1285 2145 1369 ιιςξάοἱιμτβεεάΔ
2183 1289 2359 1369 potius
2388 1289 2555 1359 fugit;
2592 1292 2808 1369 sic_nec
2846 1285 3047 1369 animm:
3079 1298 3418 1369 aliquatenus

1830 1354 2074 1438 obsistit,
2091 1354 2278 1438 rutputa
2301 1354 2472 1438 quani
2487 1354 2588 1438 nec
2611 1362 2788 1438 anima
2816 1366 3003 1438 sen_tit._
3020 1354 3188 1438 Porré
3212 1354 3412 1438 anima,

1829 1434 1922 1510 aut
1947 1426 2212 1510 spiritoali
2238 1426 2498 1510 luceipsa
2522 1432 2680 1510 nimis
2704 1448 2813 1510 prae
2843 1436 2958 1510 sole
2978 1435 3174 1510 fulgida
3197 1426 3412 1510 fruitur;

1826 1505 1921 1573 aut
1949 1496 2164 1573 horrida
2196 1496 2537 1573 peccatorum
2566 1496 2787 1572 caligine
2818 1496 3137 1573 obscurata,
3167 1526 3273 1565 non
3309 1496 3415 1565 no:-

1826 1568 1926 1650 clis
1947 1608 1963 1633 ,
1992 1569 2088 1624 sed
2103 1570 2346 1650 .propriis
2378 1579 2431 1625 ut
2459 1586 2632 1650 caecus
2661 1568 2895 1650 tenebris
2925 1568 3413 1650 involvitnruQuod

1823 1646 2011 1711 a_utem_
2028 1640 2206 1695 anima
2232 1655 2392 1695 carne
2417 1643 2590 1696 soluta
2617 1645 2970 1711 corporaliter
2991 1647 3163 1703 lucem
3192 1640 3303 1706 non
3326 1654 3406 1707 vi-

1822 1706 1964 1791 deat,
1998 1709 2121 1791 hinc
2146 1719 2375 1791 con_stat,
2399 1711 2540 1791 quod
2566 1728 2687 1791 cu_m
2716 1706 2889 1783 aliqua
2912 1716 3113 1791 dictare
3132 1706 3401 1791 volumus,

1820 1779 1903 1833 vel
1925 1779 2211 1849 quidquam
2232 1779 2945 1851 facturidisponimus,'mox
2964 1779 3406 1848 anima‘exteriol

1818 1863 1908 1903 res
1937 1865 2126 1929 sensus
2158 1851 2307 1929 fugit,
2342 1852 2605 1929 introrsus
2634 1869 2691 1908 se
2720 1854 3023 1929 colligit,si_n
3046 1874 3105 1913 se
3128 1860 3239 1929 ipsa
3262 1864 3405 1919 intus

1818 1920 2125 2000 considerat
2151 1937 2212 1976 ea
2241 1922 2306 2000 de
2335 1923 2533 2000 quibus
2556 1932 2776 2000 tractat,
2809 1920 2872 1980 et
2891 1920 3018 2000 salis
3060 1920 3238 1985 lumen
3268 1934 3403 1989 nihil

1818 1992 1867 2064 ei
1896 1992 2146 2064 prodest,
2177 1993 2269 2047 sed
2298 1994 2454 2047 etiam
2486 1994 2537 2049 ei
2579 1995 2645 2048 ad
2690 1996 2791 2049 hoc
2820 1998 3089 2064 negotium
3119 2001 3272 2057 obest
3302 2022 3315 2057 :
3348 2013 3405 2060 et

1816 2058 2100 2135 dumalias
2129 2063 2387 2135 attendit,
2418 2065 2681 2119 clamosas
2707 2080 2866 2121 voces
2886 2058 3037 2135 juxta
3065 2085 3123 2124 se
3159 2087 3263 2127 non
3300 2058 3398 2127 au;

1815 2128 1911 2207 dit.
1955 2130 2117 2207 Igitur
2145 2133 2319 2207 anima
2348 2128 2505 2207 extra
2524 2150 2719 2203 corpus
2747 2128 3225 2207 nihil'corporeum
3255 2144 3401 2200 videt

1812 2202 1904 2325 vettl
1942 2203 2106 2325 studit.
2153 2202 2304 2271 Quod
2335 2205 2379 2258 si
2410 2204 2569 2273 facit,
2616 2202 2739 2261 tunc
2765 2207 2946 2278 utique
2971 2202 3175 2266 aerium
3203 2229 3401 2284 corpus

1812 2285 1866 2324 tn
1910 2288 1961 2325 ιιι
1992 2311 2031 2325 ,ν

1810 2281 2031 2328 llitlllit..

1882 2341 2109 2418 CAP‘UT
2147 2344 2389 2418 XXXIX.
2438 2345 2539 2411 Qui
2578 2348 2741 2401 sancti
2781 2366 2950 2418 preces
3002 2361 3198 2408 nostras
3239 2371 3400 2412 exaua

1809 2412 1971 2466 diam.
2006 2415 2147 2493 Disc.
2176 2416 2238 2493 _Si
2273 2417 2467 2471 animae
2496 2412 2970 2493 corporeasi‘voces
2996 2438 3101 2477 non
3131 2426 3391 2493 audiunt,

1810 2485 2077 2551 quomodo
2103 2487 2309 2541 animas
2334 2485 2639 2541 sanctorum
2660 2528 2676 2553 ,
2706 2490 2907 2545 scilicet
2936 2490 3078 2545 Petri
3119 2496 3205 2549 vel
3251 2485 3399 2551 Mar-'-

1809 2554 2018 2662 tiintiIgel
2047 2556 2288 2623 alterius,
2324 2558 2472 2611 multi
2505 2573 2690 2627 preces
2719 2574 2844 2615 suas
2872 2561 3154 2620 exaudisse
3181 2568 3395 2637 experti

1807 2633 1958 2677 sunt?

1878 2694 2017 2769 MAG.
2044 2695 2230 2769 Oratio
2269 2698 2446 2753 cordis
2468 2738 2484 2765 ,
2515 2712 2620 2753 non
2648 2700 2759 2755 oris
2777 2742 2793 2769 ,
2823 2704 3065 2759 ascendit
3092 2704 3145 2759 in
3171 2708 3393 2764 coelum.

1806 2764 2175 2847 Animmenim
2199 2782 2302 2847 n_0n
2326 2764 2615 2847 clamorem
2640 2764 2806 2847 vocis,
2830 2773 2927 2847 sed
2953 2776 3131 2847 cordis
3148 2778 3393 2847 audiunt,

1808 2844 1864 2919 et
1890 2852 1947 2891 se
1974 2837 2201 2891 fideliter
2228 2839 2595 2919 invocantibus
2621 2841 2960 2899 subveniunt.
2997 2845 3181 2915 Neque
3220 2837 3392 2919 magis

1807 2906 2071 2986 clamosas
2107 2923 2307 2986 preces
2336 2910 2557 2986 audiunt
2576 2952 2590 2975 ,
2622 2926 2782 2980 quam
2812 2928 2903 2986 eas
2929 2931 3047 2983 qua:
3076 2906 3193 2973 sine
3220 2906 3352 2975 voce
3376 2962 3392 2986 ,

1807 2977 1893 3057 vel
1919 2977 1971 3057 in
2004 2979 2203 3057 lingua,
2228 2981 2312 3057 vel
2340 2981 2391 3033 in
2419 2980 2579 3035 corde
2606 2977 2811 3037 tantum
2838 2977 2995 3057 fiunt;
3019 2988 3141 3056 quia
3166 2977 3391 3057 nequea

1807 3048 1963 3121 nobis
1990 3050 2147 3103 verba
2171 3090 2184 3110 ,
2221 3051 2314 3121 sed
2354 3065 2511 3105 voces
2534 3060 2757 3121 tantum
2784 3048 3107 3121 audiuntur;
3137 3048 3394 3116 caeterum

1807 3118 1970 3192 verba
2001 3130 2180 3192 mente
2208 3120 2474 3192 videntur.
2518 3118 2648 3192 Cum
2688 3138 2815 3192 ergo
2846 3125 3037 3179 animae
3064 3118 3261 3183 nostrae
3290 3132 3393 3184 ali-

1807 3189 1934 3258 quid
1974 3190 2264 3243 secundum
2315 3191 2485 3245 Deum
2514 3189 2850 3255 desiderant,
2882 3203 2936 3249 et
2964 3195 3067 3251 hoc
3093 3199 3191 3253 sibi
3217 3215 3249 3253 a
3279 3201 3393 3255 Deo

1807 3274 1910 3338 per
1930 3269 2141 3314 sanctos
2154 3260 2296 3338 dari,
2322 3261 2434 3315 sive
2455 3262 2637 3329 corde,
2663 3263 2996 3338 sive__lingua,
3019 3282 3114 3322 seu
3138 3283 3268 3323 voce
3293 3286 3391 3338 po-

1808 3330 2056 3403 stulant;
2081 3334 2272 3386 anima:
2316 3341 2620 3387 sanctorum
2669 3333 2686 3403 (
2704 3330 2895 3403 quibus
2922 3345 3005 3390 est
3036 3338 3175 3392 idem
3203 3330 3392 3396 audire

1808 3400 1949 3470 quod
1976 3401 2175 3468 videre,
2208 3411 2260 3456 et
2289 3418 2318 3456 e
2348 3405 2631 3472 converso)
2658 3400 2764 3457 non
2793 3420 2970 3472 voces,
2999 3408 3092 3463 sed
3120 3409 3279 3464 verba
3306 3411 3390 3465 in-

1810 3481 2040 3537 tuentes,
2063 3472 2363 3527 desiderata
2384 3473 2459 3528 eis
2486 3490 2516 3528 a
2544 3474 2653 3528 Deo
2681 3475 2995 3543 impetrant;
3023 3478 3163 3533 unde
3184 3479 3391 3536 habetis

1809 3543 2064 3616 soriptum
2088 3584 2100 3608 ,
2137 3543 2470 3616 Desidet-ium
2510 3562 2796 3616 pauperum
2836 3547 3088 3603 exaudivit
3140 3549 3390 3606 Dominus

1811 3612 1995 3687 (Psaf._
2011 3616 2123 3687 {cui
2135 3615 2186 3687 ’ᾗ
2201 3631 2315 3687 ﬁsco.
2342 3612 2549 3687 Hebr.).

1880 3684 2107 3759 CAPUT
2146 3685 2257 3759 XL.
2304 3684 2568 3752 Quomodo
2610 3688 2956 3759 intelligantur
2984 3692 3169 3747 anima:
3208 3709 3240 3745 a
3273 3709 3390 3748 cor-

1811 3772 1932 3833 pore
1964 3754 2121 3821 solvi,
2154 3766 2199 3809 et
2228 3758 2408 3810 iterum
2437 3759 2645 3833 reverti,
2678 3775 2738 3833 ac
2764 3754 2870 3812 nisa
2894 3760 3101 3829 referre.
3145 3762 3390 3833 lnfernus

1810 3837 1881 3902 ost
1911 3828 2235 3902 incorporeus
2254 3869 2269 3893 ,
2312 3838 2401 3881 aut
2448 3830 2631 3902 uitiata:
2659 3830 2912 3884 damnata:
2939 3848 3121 3902 corpus
3148 3828 3383 3889 induunt.

1811 3898 1954 3951 Dtsc.
1978 3897 2164 3969 Nonne
2185 3898 2395 3968 legitur,
2424 3899 2564 3968 quod
2586 3916 2729 3969 smpe
2756 3902 2935 3956 multae
2962 3897 3153 3958 animae
3174 3904 3242 3959 de
3262 3920 3388 3960 cor-

1811 3983 1940 4038 pore
1984 3968 2228 4033 educte,
2274 3969 2439 4023 multa
2488 3971 2601 4024 loca
2658 3968 2914 4039 poenalia,
2953 3983 3009 4028 et
3051 3976 3177 4030 item
3224 3978 3392 4031 multa

1811 4054 2019 4093 amoena
2041 4048 2095 4092 et
2114 4039 2321 4105 ﬂorida,
2348 4050 2401 4094 et
2430 4040 2481 4093 in
2508 4041 2744 4110 utrisque
2766 4043 2960 4097 multas
2980 4045 3185 4100 animas
3208 4045 3262 4100 in
3290 4047 3392 4102 hu-

1813 4125 1966 4187 mana
1998 4111 2162 4187 forma
2192 4110 2454 4187 viderint,
2485 4121 2643 4187 atque
2668 4112 2734 4187 ad
2759 4127 2955 4187 corpus
2984 4131 3235 4184 reversae,
3264 4118 3388 4187 plu-

1811 4180 1944 4235 rima
1974 4195 2031 4234 se
2060 4180 2127 4233 ab
2155 4180 2233 4233 cis
2259 4181 2472 4235 audisse
2505 4182 2820 4237 retulerint?

1885 4251 2023 4305 MAG.
2065 4250 2349 4327 Sciendum
2390 4259 2503 4327 est,
2534 4251 2675 4321 quod
2714 4251 2797 4306 hac
2825 4254 3015 4309 animae
3045 4270 3150 4311 non
3181 4258 3396 4327 penitus

1815 4336 2005 4395 corpus
2034 4321 2379 4395 reliquerant,
2412 4322 2507 4377 sed
2534 4336 2722 4377 sensus
2744 4332 2947 4377 tantum
2967 4321 3255 4395 corporeos
3275 4329 3389 4385 suis

1815 4391 2007 4446 officiis
2037 4391 2415 4458 destituerant,
2446 4407 2642 4462 corpus
2666 4402 2844 4448 autem
2872 4409 2979 4449 non
3009 4391 3081 4450 ei
3107 4406 3216 4452 toto
3242 4398 3393 4455 vitali

1819 4464 2009 4532 Spiritu
2035 4463 2268 4517 carebat.
2299 4462 2451 4518 Unde
2473 4479 2533 4518 ea
2563 4479 2681 4533 quae
2706 4465 3002 4533 audierant,
3026 4481 3132 4521 non
3160 4483 3245 4522 res
3271 4483 3395 4523 cor-

1819 4548 1995 4603 porea:
2014 4574 2028 4598 ,
2057 4532 2381 4608 sed__similes
2406 4532 2788 4608 corporearum
2825 4550 3002 4608 rerum
3047 4547 3233 4605 erant,
3262 4555 3396 4608 quas

1818 4620 2049 4676 reversae
2090 4604 2208 4658 aliis
2248 4605 2301 4658 in
2339 4619 2561 4676 corpore
2588 4607 2890 4661 constitutis
2925 4622 3021 4676 pro
3046 4604 3401 4666 aediﬁcatione

1819 4674 2023 4729 referre
2070 4685 2334 4747 poterant.
2388 4675 2674 4746 Postquam
2730 4692 2859 4732 vero
2912 4674 3104 4747 corpus
3160 4680 3397 4737 funditus

1819 4755 2100 4819 exuerant,
2120 4746 2277 4819 longe
2298 4762 2386 4802 res
2410 4748 2565 4819 aliter
2589 4758 2706 4802 erat
2724 4764 2880 4819 quam
2912 4746 3057 4819 prius
3078 4749 3262 4807 videre
3288 4770 3397 4809 non

1820 4816 2090 4893 valebant.
2120 4816 2285 4893 Sicuti
2314 4833 2413 4893 _no_s
2438 4818 2721 4893 aliquando
2742 4816 2895 4893 'juxta
2914 4816 3177 4893 'parietem
3211 4824 3397 4893 positi,

1822 4888 2065 4943 umbram
2095 4888 2357 4944 venientis
2382 4889 2611 4945 hominis
2631 4933 2646 4955 ,
2676 4888 2782 4945 non
2814 4888 2983 4960 ipsum
3006 4888 3276 4960 videmus;
3308 4888 3401 4950 re;

1822 4968 1969 5031 moto
1994 4967 2173 5028 autem
2198 4960 2474 5015 obstaculo
2502 4961 2661 5028 muri,
2709 4962 2880 5031 ipsum
2914 4972 2971 5016 ut
2999 4972 3082 5018 est
3105 4967 3402 5022 cernimus.

1822 5030 2029 5086 Animae
2059 5032 2218 5106 etiam
2249 5031 2619 5106 defunctorum
2644 5030 2764 5089 cum
2794 5035 3093 5090 viventibus
3120 5047 3398 5106 apparent,

1824 5116 2020 5171 corpus
2045 5102 2247 5175 aerium
2280 5104 2521 5169 induunt,
2552 5104 2604 5158 in
2637 5119 2741 5174 quo
2763 5118 3075 5175 corpoream
3105 5102 3291 5163 vocem
3318 5110 3404 5165 vel

1824 5175 1985 5229 verba
2014 5174 2260 5228 audibilia
2281 5178 2603 5244 exprimunt.

1898 5244 2033 5298 Ilinc
2055 5245 2335 5314 colligitur,
2359 5246 2497 5315 quod
2530 5245 2770 5303 infernus
2794 5247 2865 5302 sit
2889 5247 3255 5316 incorporeus,
3280 5250 3406 5305 sub-

1827 5317 2018 5389 stantia
2040 5316 2348 5389 spiritualis,
2372 5332 2644 5386 corporeae
2662 5319 2879 5384 similis;
2904 5320 3055 5389 cujus
3080 5335 3235 5389 pinna
3260 5331 3404 5374 tanto

1828 5388 1898 5459 sit
1934 5386 2318 5459 intolerabilior
2339 5428 2353 5453 ,
2398 5397 2597 5458 quanto
2625 5390 2840 5459 spiritus
2869 5400 2951 5444 est
2970 5386 3205 5459 corpore
3234 5392 3400 5445 subti-

1828 5458 1949 5513 lior.
1973 5458 2143 5513 Omne
2163 5458 2303 5513 enim
2327 5474 2520 5529 corpus
2546 5458 2808 5515 vetustate
2836 5460 3034 5524 deﬁcit,
3057 5458 3406 5516 diutnmitate

1829 5530 2145 5585 dissolutum
2178 5529 2431 5584 interibit.
2466 5529 2619 5587 Unde
2644 5532 2689 5585 si
2716 5530 2992 5586 infernalis
3021 5532 3155 5600 ignis
3181 5539 3258 5584 est
3286 5546 3406 5586 cor-

1830 5616 2044 5672 poreus,
2078 5609 2243 5656 restat
2271 5608 2329 5654 ut
2356 5602 2719 5672 corporalibus
2747 5602 3012 5656 alimentis
3039 5602 3321 5667 nutrialur,
3352 5610 3411 5659 et

1832 5673 2071 5741 sequitur
2090 5682 2149 5727 ut
2172 5672 2274 5726 illis
2292 5675 2625 5743 consumptis
2653 5673 2765 5742 ipse
2795 5673 3051 5739 intereat;
3081 5672 3173 5727 sed
3201 5682 3414 5731 constat

1830 5743 2011 5814 ignem
2035 5743 2298 5815 gehennae
2327 5759 2438 5799 non
2461 5743 2722 5815 deficere;
2748 5759 2879 5815 ergo
2903 5743 3191 5815 spiritualis
3219 5754 3321 5800 est.
3353 5744 3412 5804 Si

1839 5813 2019 5874 autem
2040 5813 2123 5901 est
2146 5829 2454 5888 corporeus,
2484 5814 2580 5875 sed
2605 5813 2917 5878 indeﬁciens
2933 5813 3153 5893 creatus
3169 5825 3281 5889 est;
3313 5832 3414 5879 ne-
