3804 6358
453 424 592 488 1031

451 550 564 599 tem
592 535 785 594 coelum
829 533 1087 590 caelorum
1112 528 1327 602 legitur,
1355 528 1468 602 ipse
1501 527 1643 602 Deus
1680 522 2026 595 intelligitur;

451 613 575 683 quia
603 607 726 683 (εωιῇ
745 606 845 683 vel
852 605 980 675 justi
1012 605 1065 659 in
1089 599 1404 683 abscondito
1427 599 1578 683 faciei
1612 604 2032 683 suaena‘contur-

1893 402 2266 470 APPENDIX.
2316 442 2319 445 ν

3604 406 3743 467 ωδε

2134 523 2266 581 boni
2312 518 2708 593 perseverantia
2761 513 3023 593 clauditur
3046 558 3063 585 ,
3099 516 3543 593 perseverantiae
3599 518 3742 574 Deus

2140 595 2262 651 fons
2282 588 2520 649 omnium
2547 593 2807 646 bonorum
2835 591 3066 646 dabitur.
3099 588 3259 659 Igitur
3289 590 3381 659 qui
3414 592 3518 644 hac
3550 599 3745 646 catena

2142 674 2367 732 tractus,
2400 665 2537 719 hanc
2568 662 2757 718 turrim
2794 661 3055 716 scandens
3080 660 3291 715 culmen
3322 660 3447 732 ejus
3475 660 3742 731 attigerit,

2142 752 2248 792 non
2271 737 2442 791 solum
2474 750 2532 790 se
2560 747 2743 791 veram
2768 732 2932 787 vitam
2957 746 3303 802 cognoscere,
3328 731 3427 786 sed
3458 740 3515 786 et
3547 747 3745 800 peren—

2144 809 2285 862 niter
2310 808 2444 861 inea
2478 806 2634 861 beate
2657 806 2840 860 vivere
2862 818 2922 859 se
2945 803 3235 873 gaudebit;
3266 803 3392 872 quia
3418 802 3477 857 in
3500 816 3573 858 ea
3596 802 3751 871 hujus

2146 878 2333 948 gloriae
2358 892 2579 933 consors
2606 876 2731 932 erit.

2219 949 2359 1003 DISC.
2398 948 2548 1002 Vera:
2571 948 2694 1002 vitae
2721 954 2775 1002 et
2800 946 3039 1001 omnium
3066 944 3223 999 beate
3250 944 3557 999 viventium
3584 941 3741 997 faciat

2146 1026 2202 1074 te
2227 1019 2367 1074 Deus
2391 1018 2723 1089 participem,
2754 1017 2847 1089 qui
2880 1031 2981 1075 nos
3017 1030 3205 1072 omnes
3232 1014 3301 1070 ad
3328 1028 3617 1071 summum
3659 1013 3748 1069 ho-

2150 1105 2279 1145 num
2305 1090 2581 1162 perducat.
2613 1090 2811 1145 Amen.

451 665 666 753 batione
706 665 980 753 hominum
1026 676 1265 753 celantur
1315 670 1504 753 (Paul:
1535 668 1770 753 $353,“?!
1800 665 1844 737 ).
1887 665 2036 753 uiride

451 734 720 815 scribitur,
734 747 981 801 Habentes
1008 747 1297 799 thesaurum
1319 734 1372 796 in
1401 739 1762 815 ιγιιξιο-(ιῑιαιιὴἰ
1785 734 1899 815 ius,
1917 734 2033 807 21),

454 808 557 876 hoc
587 830 683 884 est,
708 808 773 873 "in
804 818 931 872 Deo.
982 817 1059 870 Ad
1088 817 1189 871 hoc
1217 828 1483 869 summum
1523 808 1717 884 bonum
1742 808 1873 884 justi
1907 823 2037 884 qua-

454 893 575 947 dam
626 877 811 944 catena
859 887 1161 951 trahuntur,
1194 901 1312 955 qua:
1340 883 1408 937 dc
1432 881 1715 955 virtutibus
1746 877 1847 955 hoc
1877 877 2037 955 modo

454 962 806 1017 connectitur.
856 958 915 1011 In
964 948 1318 1028 primisilich
1357 954 1587 1006 animam
1627 952 1777 1028 quasi
1821 948 2034 1028 quidam

454 1033 686 1088 circulus
727 1018 1116 1097 complectitur,
1147 1026 1267 1081 ﬁdei
1294 1038 1417 1097 spes
1443 1021 1763 1097 annectitur,
1792 1034 1916 1089 Spes
1945 1018 2030 1072 di-

456 1104 682 1156 lectione
712 1092 939 1165 tenct'ur,
970 1098 1185 1152 dilectio
1212 1092 1523 1169 operatione
1552 1092 1822 1169 expletur,
1846 1103 2035 1169 opera-

455 1174 531 1226 tio
577 1172 869 1225 intentione
900 1161 953 1222 in
994 1161 1262 1224 summum
1306 1168 1501 1222 bonum
1532 1161 1779 1229 trahitur,
1809 1161 2037 1214 intentio

1301 1430 1753 1497 ADMONITIO
1794 1431 1875 1493 IN
1917 1428 2545 1504 SUBSEQUENTEM
2580 1428 2905 1492 LIBRUM.

534 1606 692 1661 Liber
721 1605 786 1661 de
815 1606 930 1660 Vita
957 1604 1241 1659 christiana
1268 1602 1378 1673 jam
1405 1612 1528 1659 ante
1557 1602 1761 1673 parenti
1791 1616 1889 1658 suo
1916 1602 2192 1658 restitutus
2215 1599 2317 1656 fuit
2344 1616 2443 1671 per
2471 1599 2672 1657 Lucam
2700 1600 3056 1669 Holstenium,
3084 1600 3175 1671 qui
3202 1614 3400 1656 novam
3430 1612 3502 1653 ac
3533 1596 3754 1669 singula-

464 1714 577 1754 rem
619 1697 857 1767 ejusdem
888 1696 1009 1751 libri
1038 1695 1324 1751 editionem
1363 1695 1430 1750 ad
1472 1704 1623 1749 vetus
1648 1694 1921 1764 exemplar
1959 1692 2266 1749 Casinensis
2310 1694 2621 1749 monasterii
2650 1734 2665 1759 ,
2698 1694 2751 1749 in
2780 1709 2887 1765 quo
2921 1691 3140 1749 Fastidii
3180 1692 3401 1747 nomine
3442 1691 3751 1760 inscriptum

467 1791 705 1860 reperit,
755 1789 1128 1860 perﬁciendam
1172 1788 1377 1842 curavit
1417 1786 1670 1842 Romanis
1702 1786 1872 1858 typis,
1911 1801 2051 1839 anno
2083 1785 2239 1841 1665.
2272 1786 2546 1841 Casinensi
2576 1786 2867 1856 exemplari
2898 1784 3057 1841 ﬁdem
3094 1784 3593 1855 auctoritatemque
3620 1783 3754 1838 alien

462 1882 772 1938 Gennadius
796 1924 809 1948 ,
839 1880 906 1936 de
936 1880 1169 1936 Fastidio
1194 1888 1247 1935 et
1273 1880 1391 1949 ejus
1421 1877 1875 1934 lucubrationibus
1902 1878 1955 1931 in
1981 1876 2116 1933 libro
2141 1877 2208 1932 de
2241 1877 2600 1949 Scriptoribus
2629 1878 3017 1934 Ecclesiasticis
3040 1920 3056 1947 ,
3084 1893 3203 1949 cap.
3236 1878 3304 1934 56
3329 1919 3346 1944 ,
3378 1878 3464 1932 ita
3498 1877 3749 1947 loquens:

475 1992 493 2025 ‹
525 1972 787 2028 Fastidius
816 1973 985 2027 Britto
1013 1972 1225 2042 scripsit
1250 1972 1315 2026 ad
1341 1970 1576 2025 Fatalem
1608 1969 1675 2024 de
1704 1969 1821 2024 Vita
1845 1968 2132 2024 christiana
2158 1970 2376 2037 librum,
2402 1980 2457 2026 et
2480 1971 2641 2027 alium
2666 1971 2737 2027 de
2756 1970 3022 2027 Viduitate
3046 1970 3331 2037 servanda,
3360 1985 3511 2027 sana
3537 1979 3595 2025 et
3618 1971 3753 2038 digna

459 2066 719 2121 doctrina.
767 2083 787 2116 ι
830 2064 1087 2120 Gennadii
1136 2063 1296 2119 verba
1336 2071 1460 2116 sunt
1508 2077 1573 2117 ex
1602 2061 1965 2116 vetustissimo
1993 2060 2300 2117 Corbeiensi
2330 2062 2513 2118 codice
2540 2062 2807 2133 descripta
2832 2080 2847 2129 ;
2879 2079 2998 2134 quae
3026 2063 3236 2134 quidem
3267 2064 3321 2118 in
3349 2063 3527 2119 editis
3559 2077 3663 2116 non
3690 2062 3753 2116 sic

459 2172 591 2228 pura
624 2158 888 2225 leguntur,
931 2155 1025 2211 sed
1064 2154 1205 2209 male
1243 2154 1557 2224 interpolata
1586 2153 1794 2209 duobus
1835 2152 2070 2209 tribusve
2099 2154 2229 2210 locis
2259 2172 2271 2210 :
2300 2154 2504 2211 scilicet
2534 2175 2553 2208 ‹
2585 2155 2653 2210 ad
2688 2156 2929 2212 Fatalem
2973 2157 3256 2226 quemdam
3293 2176 3311 2209 ι
3344 2157 3598 2225 scriptus
3636 2154 3752 2209 liber

459 2249 651 2302 dicitur
678 2248 730 2302 in
756 2246 1017 2303 Gennadii
1046 2245 1357 2316 impressis;
1388 2260 1548 2315 quem
1589 2254 1767 2300 tamen
1796 2260 1899 2299 non
1940 2245 2007 2299 ad
2032 2245 2206 2300 virum
2228 2287 2243 2313 ,
2276 2246 2371 2301 sed
2410 2247 2476 2301 ad
2518 2246 2729 2301 viduam
2768 2247 3055 2317 quamdam
3096 2248 3357 2304 directum
3398 2263 3534 2304 esse
3566 2249 3747 2319 liquet;

459 2349 828 2410 praztercaque
855 2339 907 2393 in
935 2338 1125 2393 iisdem
1152 2336 1425 2407 impressis
1450 2336 1598 2391 libris
1623 2335 1881 2405 judicium
1908 2334 2167 2392 Gennadii
2194 2352 2301 2392 uno
2326 2337 2534 2407 adjecto
2558 2338 2724 2394 verbo
2748 2338 3014 2395 illustrius
3042 2340 3218 2409 longe,
3245 2341 3330 2395 vel
3356 2341 3545 2410 magis
3569 2339 3752 2411 (dicere

459 2434 638 2504 liccat)
682 2434 909 2502 ineptius
939 2432 1179 2488 redditur
1208 2431 1261 2486 in
1293 2432 1433 2486 hunc
1459 2426 1676 2485 medum
1714 2446 1728 2482 :
1760 2447 1778 2480 ‹
1806 2428 1946 2484 Sana
1974 2436 2030 2483 et
2059 2429 2171 2484 Deo
2199 2429 2360 2499 digna
2388 2429 2651 2486 doctrina.
2688 2450 2707 2484 ι
2752 2431 3043 2488 Enimvero
3072 2432 3367 2488 Fastidium
3400 2431 3608 2502 Pelagii
3633 2446 3753 2485 con-

464 2525 700 2579 tcrranei
726 2524 808 2577 sui
836 2523 1029 2579 htercsi
1059 2523 1327 2578 addictum
1354 2522 1517 2577 fuisse
1544 2536 1648 2575 non
1678 2528 1882 2575 temere
1910 2520 2245 2589 suspicantur
2271 2520 2463 2576 eruditi
2502 2522 2620 2577 viri.
2652 2522 2785 2578 Nam
2812 2523 2878 2579 de
2912 2523 3117 2579 Adamo
3146 2525 3199 2578 in
3233 2523 3394 2593 hujus
3426 2523 3559 2579 libri
3595 2524 3751 2593 capite

460 2616 531 2671 15
555 2616 633 2670 sic
661 2615 891 2686 loquitur
916 2634 929 2669 :
960 2634 978 2666 ‹
1008 2615 1065 2669 In
1092 2630 1198 2686 quo
1226 2614 1356 2669 nihil
1387 2612 1549 2668 fuisse
1574 2613 1957 2668 incredulitatis
1984 2612 2216 2680 invenio,
2248 2620 2443 2683 prater
2466 2614 2637 2670 solam
2665 2614 3104 2683 inobedientiam,
3130 2617 3281 2686 cujus
3327 2631 3497 2671 causa
3550 2617 3641 2672 ille
3673 2618 3750 2670 da-

459 2718 672 2766 mnatus
699 2718 798 2776 est,
814 2718 1070 2765 etomnes
1092 2723 1189 2763 suo
1204 2706 1519 2761 damnantur
1547 2705 1844 2775 exemplo.)
1872 2704 1990 2775 Ipse
2014 2712 2096 2760 est
2118 2705 2315 2777 Pelagii
2345 2721 2495 2761 error
2514 2707 2775 2776 docentis,
2802 2708 2932 2763 Adae
2954 2717 3226 2779 peccatum
3254 2710 3493 2780 posteris
3516 2711 3749 2781 exemplo

462 2801 708 2858 nocuisse
733 2843 747 2869 ,
781 2816 886 2856 non
920 2801 1177 2866 transitu,
1211 2807 1267 2854 ut
1296 2799 1347 2853 in
1376 2797 1601 2869 cpistola
1633 2798 1701 2854 ad
1738 2798 2129 2854 Demetriadem
2152 2841 2168 2868 ,
2198 2799 2249 2853 in
2274 2800 2582 2870 Appendice
2612 2816 2832 2872 operum
2861 2803 3139 2873 Augustini
3173 2821 3185 2856 :
3219 2818 3381 2873 quem
3413 2802 3746 2874 Pelagianam

469 2909 707 2951 errorem
739 2892 1059 2965 Augustinus
1089 2906 1231 2961 Stepe
1259 2889 1626 2960 reprehendit.
1662 2890 1791 2957 Quae
1816 2889 1977 2945 etiam
2002 2888 2089 2944 hic
2111 2888 2381 2946 habentur
2412 2891 2465 2946 in
2487 2893 2661 2962 capite
2688 2894 2776 2958 ll,
2815 2911 2833 2945 ι
2867 2893 2962 2948 llle
2984 2893 3127 2948 enim
3153 2893 3345 2948 merito
3374 2892 3449 2947 ad
3472 2895 3651 2950 Deum
3670 2910 3743 2950 ex.

457 2986 594 3039 tollit
622 2998 829 3049 manus,
859 2983 948 3037 ille
977 2995 1163 3052 preces
1186 2982 1341 3035 home
1366 2980 1708 3035 conscientia:
1737 2978 1941 3046 fundit,
1975 2981 2065 3049 qui
2096 2988 2273 3050 potest
2299 2980 2508 3047 dicere,
2544 2982 2625 3037 Tu
2653 2982 2828 3051 nosti,
2859 2982 3113 3051 Domine,
3144 2999 3304 3054 quam
3333 2994 3581 3052 sanctae,
3612 3001 3745 3057 quam

460 3078 795 3142 innocentes,
848 3090 1005 3145 quam
1036 3088 1180 3143 purae
1206 3080 1330 3128 sunt
1359 3073 1425 3128 ab
1454 3072 1600 3126 omni
1626 3070 1811 3126 fraude
1834 3080 1886 3126 et
1908 3071 2097 3142 injuria
2118 3080 2171 3128 et
2192 3072 2395 3142 rapina,
2422 3090 2554 3145 quas
2575 3075 2641 3130 ad
2664 3085 2713 3131 te
2734 3076 2977 3147 expando
2997 3093 3203 3145 manus,
3229 3092 3391 3148 quam
3416 3078 3746 3136 immaculata

465 3170 609 3224 labia
637 3177 691 3225 et
717 3168 785 3222 ab
813 3166 958 3222 omni
989 3164 1269 3221 mendacio
1307 3165 1498 3232 libera,
1528 3164 1719 3236 quibus
1751 3164 1863 3232 tibi,
1895 3171 1951 3217 ut
1977 3164 2107 3219 mihi
2135 3165 2457 3233 miserearis,
2492 3182 2680 3237 preces
2707 3168 2911 3236 fundo;
2946 3188 2967 3223 ι
3000 3170 3090 3225 illa
3118 3171 3233 3242 ipsa
3260 3171 3427 3227 verba
3454 3183 3622 3240 sunt,
3649 3187 3746 3243 quae

474 3261 527 3315 in
555 3262 692 3316 libro
723 3260 917 3330 Pelagii
949 3259 1016 3313 ad
1046 3258 1257 3314 viduam
1288 3257 1577 3323 exstitisse,
1608 3266 1834 3313 testatur
1862 3256 2192 3327 Augustinus
2218 3258 2271 3313 in
2298 3260 2437 3315 libro
2464 3259 2532 3315 de
2557 3260 2734 3316 Gestis
2762 3262 2981 3333 Pelagii,
3009 3277 3128 3334 cap.
3160 3263 3215 3329 6,
3249 3280 3460 3320 necnon
3492 3266 3751 3338 Hierony-

465 3372 583 3411 mus
612 3357 668 3410 in
700 3355 856 3410 tertio
887 3353 1225 3424 Dialogorum
1254 3352 1391 3408 libro
1416 3394 1430 3419 ,
1473 3352 1563 3407 ubi
1596 3352 1660 3407 iis
1688 3352 1865 3407 verbis
1895 3350 2128 3407 recitatis
2155 3352 2421 3408 exclamat
2447 3370 2460 3408 :
2492 3373 2511 3405 ι
2542 3353 2830 3411 Christiani
2859 3364 2941 3412 est
2969 3356 3084 3413 haec
3106 3400 3121 3426 ,
3160 3373 3229 3414 an
3270 3359 3525 3415 Pharisaei
3568 3377 3754 3431 supcr-

460 3449 656 3506 bientis
702 3447 915 3502 oratio?
952 3465 969 3498 ι
1006 3445 1299 3501 Fastidium
1347 3445 1726 3500 Britannorum
1771 3445 2079 3516 cpisc0pum
2121 3445 2378 3503 claruisse
2414 3447 2513 3504 sub
2549 3449 2788 3507 Honorio
2816 3463 2871 3508 et
2899 3450 3202 3510 Theodosio
3242 3446 3576 3525 principibus
3616 3471 3752 3511 anno

462 3544 661 3601 Christi
703 3544 829 3607 420,
870 3541 1084 3611 scripsit
1126 3540 1470 3596 Trithemius.
1513 3539 1773 3595 Gennadii
1812 3549 1991 3595 autem
2030 3543 2305 3613 exemplar
2344 3541 2668 3602 Corbeiense
2702 3563 2861 3618 supra
2904 3548 3199 3619 laudatum,
3235 3551 3473 3621 episcopi
3518 3551 3746 3619 titulum,

466 3653 625 3709 quem
665 3636 792 3692 editi
819 3634 1052 3690 Fastidio
1083 3634 1353 3702 tribuunt,
1391 3633 1717 3703 adscriptum
1745 3648 1774 3687 a
1805 3634 1974 3703 prima
2003 3649 2163 3690 manu
2190 3652 2300 3693 non
2328 3637 2546 3707 habuit;
2580 3642 2675 3698 sed
2704 3651 2824 3713 post
2849 3659 3036 3701 vocem
3071 3664 3090 3699 ι
3126 3647 3330 3713 Britto,
3372 3666 3392 3701 ›
3428 3646 3652 3723 additus
3678 3654 3748 3704 est

465 3730 752 3785 recentiori
791 3728 994 3783 calamo
1031 3745 1049 3777 ι
1086 3726 1387 3797 episcopus.
1428 3745 1447 3778 ι
1478 3725 1694 3780 Librum
1738 3725 1880 3781 hunc
1918 3727 2239 3784 contulimus
2268 3745 2393 3786 cum
2434 3734 2599 3789 veteri
2630 3735 2814 3793 codice
2855 3736 3164 3798 Corbeiensi
3187 3781 3203 3811 ,
3235 3756 3361 3797 cum
3395 3740 3743 3815 Remigiano,

472 3818 809 3883 Michaelino,
841 3816 1111 3873 Victorino
1139 3831 1202 3871 ac
1229 3815 1435 3871 duobus
1460 3815 1784 3883 Sorbonicis,
1816 3826 2016 3874 etcum
2042 3817 2304 3876 Holstenii
2335 3821 2570 3881 editione
2593 3825 2855 3884 Romana.

1102 4042 1339 4155 DE
1433 4041 1906 4155 VITA
1981 4045 3122 4171 CHRISTIANA

1620 4230 2106 4341 LIBER
2194 4234 2309 4341 Π
2294 4237 2411 4344 Ν
2424 4240 2629 4353 US.

1831 4421 2397 4502 ψ
2644 4457 2647 4459 .

541 4580 2067 4678 Durnilisgdcgsetzttftotij.“opinio::Et‘fgglpfgggtgrim
2161 4607 2255 4660 re;
2288 4593 2463 4653 adhuc
2492 4597 2796 4678 insuper_et
2831 4604 3070 4660 omnium
3111 4605 3384 4678 redarguit
3419 4612 3736 4669 conscientia

468 4663 691 4749 9""???
710 4660 2059 4749 ν,,ιέῗὲξίωξξιξῖξῗέἓὲὶθιζξὲίξίὶὶτῖιίῗῗ¹ι¹ί1¹ᾇὲῗ¹ἔεῖίῖῑὲίξε
2167 4675 2505 4749 Ρροεθίοῐυπη
2531 4712 2546 4738 ι
2577 4660 2633 4749 υὲ
2658 4672 2816 4749 etiam
2847 4675 2893 4729 si
2920 4677 3044 4745 quid
3072 4660 3299 4734 ιιέιὶιίἰίίἕ
3310 4660 3699 4749 assariis};

467 4743 523 4789 te
552 4741 610 4821 ut
633 4724 928 4821 sanctitatis
953 4727 1244 4821 et,justiti:c
1274 4726 1411 4779 viain
1444 4740 1634 4796 pergas
1656 4767 1671 4792 ,
1703 4724 2061 4812 crebrioribus
2164 4724 2456 4821 abscondat
2482 4758 2495 4795 :
2525 4724 2684 4797 etiita

471 4804 697 4886 audeam
730 4798 921 4886 litteris
960 4797 1426 4886 admonerelhnon
1456 4810 1553 4886 me
1578 4797 1820 4886 propriae
1838 4801 2061 4886 justitia:
2166 4804 2459 4886 habemus,
2489 4797 2778 4886 hocietiam
2801 4797 3237 4886 al.3615533,};
3252 4797 3407 4884 7583

470 4873 703 4961 ιίδειςιξιη
746 4877 1290 4961 P931}?PE?_'P.‘.£‘E-_!"3
1292 4877 1570 4961 193231931
1583 4869 1842 4961 ἓθὶῗίἮίὲἷ
1856 4871 2019 4961 5J0???
2041 4913 2056 4940 ν
2165 4879 2404 4961 ριόῖθηθ
2424 4867 2757 4961 ,ἐρηεοὲβξιιίε
2785 4867 3731 4961 prohibenté'iéséiIBBZ-"ﬁﬁiﬁgé

470 4938 2059 5031 $4.50!?.‘IEE‘F'IE-SSFE“9FPFE‘.9991':i‘.‘:!?°3‘:‘¥‘ff“§99{"
2163 4947 2289 5031 άιξιη
2326 4952 2545 5031 Patitur
2576 4956 2665 5010 tibi
2693 4938 3729 5031 θρρῖπθτέροςέῑῖἒῖᾞᾨῖἶὸτῗωτᾶἧῖιὲ

492 3953 3744 3990 ___________________________________

470 5013 619 5081 cepi,
648 5008 924 5066 oliui-italis
953 5020 1052 5063 tuae
1081 5024 1238 5081 causa
1265 5008 1537 5081 compellit
1565 5026 1579 5062 :
1604 5026 1723 5079 qua:
1748 5026 1834 5067 me
1864 5027 2057 5081 pecca-

474 5079 641 5138 torcm
674 5092 727 5137 ct
758 5083 996 5153 ignarum
1026 5123 1039 5147 ,
1072 5079 1137 5153 ad
1169 5080 1448 5153 dicendum
1481 5081 1551 5133 ita
1580 5081 1818 5136 hortatur
1846 5079 1899 5137 ἐι
1929 5098 2057 5153 pro-

470 5164 646 5219 vocat,
699 5162 755 5207 ut
786 5150 920 5206 'cum
968 5150 1112 5224 loqui
1156 5151 1410 5218 nesciam,
1457 5159 1635 5206 tacere
1677 5166 1783 5207 non
1828 5150 2053 5224 possim.

470 5225 676 5279 Vellem
708 5224 883 5292 itaque
911 5230 962 5276 et
1000 5222 1224 5277 libenter
1249 5230 1488 5292 optarem
1514 5263 1527 5288 ,
1560 5231 1612 5277 te
1641 5222 2059 5281 eorum’habere

470 5297 708 5352 notitiam
733 5310 959 5365 quorum
987 5302 1039 5348 et
1061 5294 1317 5363 sapientia
1338 5292 1640 5365 afﬂuentior
1664 5302 1766 5357 est,
1795 5302 1848 5348 et
1872 5293 2056 5349 facun-

468 5367 553 5422 dia
583 5363 770 5436 major,
801 5377 854 5420 et
880 5365 1097 5420 scicntia
1126 5366 1362 5429 uberior,
1391 5374 1444 5418 ct
1467 5363 1789 5436 conscientia
1807 5365 1884 5436 ab
1907 5368 2053 5422 omni

470 5434 807 5509 peccaturum
847 5437 1161 5509 contagione
1206 5436 1457 5509 liberior,
1491 5434 1582 5504 qui
1622 5442 1672 5488 te
1707 5435 1885 5490 verbis
1910 5437 2053 5509 juste

471 5505 797 5565 instruerent
825 5517 880 5563 et
907 5505 1185 5577 exemplis.
1215 5506 1325 5561 Nos
1356 5505 1497 5577 enim
1526 5513 1877 5577 praeterquam
1909 5505 2053 5577 quod

469 5592 704 5637 mentem
735 5590 971 5634 nostram
1003 5576 1074 5633 ita
1105 5576 1424 5650 insipientia:
1454 5585 1507 5629 et
1539 5576 2052 5650 ignorantiaecaligo

465 5654 703 5719 caacavit,
735 5660 793 5706 ut
818 5651 1053 5705 divinum
1087 5648 1287 5719 aliquid
1316 5657 1546 5719 nequeat
1568 5648 1767 5705 sentire
1791 5649 1877 5706 vel
1902 5648 2053 5707 dice-

530 5794 546 5824 '
560 5866 563 5867 ,
578 5791 809 5867 ἓαίιὲὲξξς
820 5789 1019 5867 ﬁdunt.
1037 5788 1387 5857 ρήηωενιίιιιοά
1406 5788 1565 5855 abest.
1588 5802 1619 5843 a
1648 5795 1758 5845 uss.
1780 5796 1836 5847 et
1857 5789 1920 5847 ab
1937 5788 2052 5847 not-

465 5854 610 5905 Itenii
633 5854 870 5906 editione.

2162 5018 2617 5102 admonitionibus
2645 5018 2843 5102 nostris
2868 5018 3079 5088 interim
3103 5018 3220 5089 esto
3243 5018 3730 5100 conten’ta'geticha-

2163 5093 2306 5176 ritat‘i
2345 5093 2412 5148 da
2443 5098 2690 5176 veniam;
2717 5099 2878 5176 cujus
2896 5110 2980 5157 est
3003 5119 3110 5159 non
3139 5106 3481 5160 considerare
3500 5093 3627 5176 quid
3658 5108 3726 5161 ot-

2160 5160 2331 5246 {er_at,
2363 5180 2464 5246 nec
2492 5160 2985 5246 quodnon-habet,
3024 5176 3248 5245 quaerit;
3281 5177 3376 5233 sed
3406 5160 3560 5234 totuin
3591 5160 3728 5246 (ιιιὸιί

2162 5230 2610 5324 habetLIibenter
2639 5241 2878 5324 impertit
2914 5262 2926 5297 :
2958 5230 3210 5324 ad'cujus
3232 5230 3475 5304 nontam
3488 5230 3730 5324 mulieris

2160 5317 2393 5393 speciem
2411 5350 2429 5375 ,
2442 5315 3037 5393 ‘quam_an_i_mi_respice
3064 5315 3409 5393 veluntatem,
3438 5330 3492 5375 et
3515 5318 3725 5388 diligen-

2161 5382 2244 5463 ter
2271 5376 2640 5463 adverteq‘uid
2680 5384 2775 5463 tibi
2801 5386 2902 5463 _ill_a
2920 5376 3154 5463 "negare
3169 5391 3361 5463 poterit
3383 5376 3408 5457 ,’
3428 5407 3536 5461 qua:
3560 5376 3723 5463 totum

2159 5446 2289 5504 dare
2320 5446 2559 5529 potuit"
2608 5456 2749 5529 quod
2799 5446 3048 5515 habebat:
3094 5446 3555 5517 Ob’tulisset'e'tiaiu
3584 5457 3722 5529 Quod

2157 5536 2265 5603 non
2300 5521 2550 5603 _habeba_t
2597 5521 2644 5581 si
2693 5538 2899 5603 posset,
2956 5546 3076 5600 quae
3152 5540 3320 5587 totum
3375 5532 3529 5603 potuit
3583 5521 3721 5599 quod

2157 5593 2387 5652 habebat
2451 5597 2647 5655 oll‘erre
2688 5593 2730 5653 ί.
2773 5593 2896 5657 Sitit
2964 5593 3142 5673 itaque
3192 5604 3319 5674 ille,
3368 5593 3457 5661 sed
3502 5593 3719 5673 ρπάωρ

2220 5726 2238 5758 ,
2342 5727 2389 5737 ..
2551 5726 2562 5737 .

2221 5725 2845 5864 ἶῗιῒῗιέξῗαάοιειθρίυξ
2860 5796 3043 5864 stolen
3057 5792 3194 5864 dedit
3212 5794 3338 5859 ηειοά
3366 5790 3505 5858 νοω
3519 5785 3703 5854 W“

2158 5851 2279 5909 aditi
2299 5851 2379 5905 alii
2392 5887 2411 5919 ,
2438 5860 2591 5908 totum
2611 5853 2740 5920 quod
2756 5851 2906 5922 potuit
2925 5855 3194 5922 oﬂ‘errebat.
