3804 6358
188 300 285 353 1085
864 314 869 319 '
1068 297 1432 354 ADMONITIO
1472 297 1536 354 IN
1578 299 2118 371 SUBSEQUENTl-LM
2159 306 2435 365 LIBRUM.

185 414 363 470 imitatur
403 426 598 479 nones,
645 412 739 467 sed
782 410 961 467 irridet
991 410 1162 479 petins
1205 420 1258 467 ct
1295 412 1602 479 subsannat,
1651 423 1705 470 et

186 498 387 554 pauperes
412 483 667 554 persequi
704 497 807 536 non
835 480 1045 554 cessat?
1071 482 1221 554 Absit
1252 483 1353 538 hoc
1378 499 1407 536 a
1435 485 1705 540 mentibus

184 552 550 610 Christianorum
575 552 835 616 Omnium,
864 552 1001 605 absit
1030 560 1085 605 ut
1125 552 1425 621 bujusmodi
1453 554 1702 609 christia-

180 640 254 679 nus
271 625 477 695 dicatur,
503 623 647 695 absit
674 632 735 695 ut
750 623 846 695 Dei
876 623 1206 695 liliuspossit
1231 624 1483 695 appellari
1509 626 1596 695 qui
1627 634 1705 680 ta-

177 696 224 747 tis
242 704 322 765 est.
351 694 683 749 Christianus
705 693 916 765 illeest,
944 691 1253 765 quiChristi
1276 695 1412 747 viam
1438 691 1695 765 sequitur,

171 765 235 830 qui
266 764 521 836 Christum
573 764 625 836 in
673 763 919 836 omnibus
961 762 1194 836 imitatur
1226 781 1242 836 :_
1271 765 1407 836 sicut
1446 762 1701 836 scriptum

169 844 243 897 est,
270 834 356 900 Qui
382 834 502 887 dicit
531 850 585 888 se
610 834 662 886 in
690 833 887 887 Christo
909 849 1127 899 manere,
1160 834 1301 888 debet
1324 835 1451 887 sicut
1477 833 1568 889 ille
1588 853 1701 889 am-

166 904 314 957 bulavit
336 914 379 957 et
403 906 511 976 ipse
535 904 793 976 ambulare
819 901 1034 976 (ileon.
1062 919 1119 976 tt,
1143 901 1219 976 6).
1244 903 1572 959 Christianus
1597 916 1698 974 est,

161 976 230 1041 qui
266 971 503 1029 omnibus
549 971 968 1029 misericordiam
1010 971 1292 1044 facit,'qui
1336 976 1554 1030 omnino
1592 971 1698 1031 non

159 1055 365 1100 movetur
406 1045 617 1114 injuria,
653 1046 741 1114 qui
768 1044 994 1112 opprimi
1024 1058 1308 1112 pauperem
1348 1060 1407 1099 se
1436 1056 1700 1112 praesente

155 1126 238 1169 non
272 1118 481 1184 patitur,
527 1116 615 1184 qui
651 1114 858 1168 miseris
902 1114 1169 1186 subvenit,
1213 1116 1300 1184 qui
1346 1115 1698 1186 indigentibus

150 1186 405 1254 succurrit,
444 1186 536 1253 qui
565 1200 684 1238 cum
716 1184 1064 1239 mouentibus
1107 1193 1313 1247 Inmret,
1342 1186 1431 1254 qui
1458 1184 1695 1241 dolorem

149 1253 342 1309 alterius
365 1256 515 1325 quasi
544 1256 817 1325 proprium
857 1256 1036 1317 sentit,
1065 1255 1153 1324 qui
1191 1255 1253 1309 ad
1285 1253 1463 1309 ﬂetum
1490 1256 1698 1312 ﬂetibus

152 1337 438 1395 provocatur
461 1326 674 1389 alienis,
714 1326 864 1395 cujus
888 1325 1122 1379 omnium
1161 1328 1459 1380 connnuuis
1492 1338 1573 1380 est
1597 1329 1696 1381 do-

153 1394 262 1456 nius.
302 1395 452 1464 cujus
486 1395 641 1464 ianua
683 1394 882 1449 nemini
920 1396 1225 1459 clauditur,
1264 1395 1415 1464 cujus
1457 1412 1694 1452 mensam

152 1481 320 1535 pauper
356 1466 538 1520 nullus
578 1466 804 1535 ignorat,
836 1465 986 1534 cujus
1026 1466 1177 1519 cibus
1219 1467 1422 1520 cunctis
1453 1466 1691 1535 oll'ertur,

147 1536 269 1603 cujus
292 1537 486 1589 bonum
509 1552 695 1590 omnes
724 1547 936 1599 norunt,
968 1546 1020 1590 ct
1047 1552 1203 1589 nemo
1226 1537 1386 1590 sentit
1414 1538 1692 1605 iujuriam;

145 1608 210 1679 qui
257 1607 362 1679 Deo
406 1607 493 1660 die
541 1617 806 1679 noctuque
850 1605 1100 1679 deservit,
1145 1607 1236 1679 qui
1278 1607 1393 1675 ejus
1435 1620 1694 1679 praecepta

144 1676 481 1731 indesinenter
509 1677 794 1731 meditatur
816 1686 870 1730 et
894 1677 1120 1745 cogitat;
1151 1676 1239 1744 qui
1271 1692 1469 1745 pauper
1499 1676 1694 1733 mundo

140 1746 371 1811 efﬁcitur,
404 1757 460 1800 ut
491 1747 601 1802 Deo
628 1746 866 1816 locuples
897 1749 1019 1811 ﬁat;
1048 1748 1135 1817 qui
1164 1747 1303 1800 inter
1329 1747 1571 1801 homines
1603 1750 1694 1803 ha-

139 1817 276 1871 betur
316 1817 592 1887 inglorius,
639 1827 695 1871 ut
723 1832 903 1888 coram
938 1817 1047 1888 Deo
1095 1826 1156 1888 et
1191 1818 1405 1887 Angelis
1432 1818 1693 1888 gloriosus

137 1886 399 1956 appareati
428 1888 517 1956 qui
545 1888 596 1941 in
622 1886 782 1941 corde
802 1901 898 1940 suo
924 1887 1052 1940 nihil
1076 1886 1505 1943 videtur’habe're
1531 1890 1694 1943 simu-

138 1957 287 2011 latum
327 1958 404 2012 vel
436 1957 637 2021 ﬁctum,
684 1958 835 2026 cujus
874 1957 1097 2025 simplex
1142 1967 1195 2012 et
1235 1958 1568 2012 immaculata
1612 1970 1694 2015 est

136 2029 319 2089 anima,
364 2030 515 2096 cujus
543 2028 867 2082 conscientia
912 2028 1084 2084 tidelis
1128 2036 1179 2082 et
1225 2043 1353 2097 pura
1385 2037 1494 2082 est:
1542 2032 1691 2098 cujus

136 2106 234 2150 tota
262 2099 315 2151 in
354 2098 463 2152 Deo
492 2112 665 2162 mens,
696 2099 848 2167 cujus
889 2099 1061 2152 omnis
1088 2113 1211 2165 spes
1240 2099 1291 2152 in
1337 2099 1545 2153 Christo
1574 2108 1687 2165 θείς

134 2169 215 2237 qui
245 2169 470 2222 ccelestia
509 2170 686 2237 potius
719 2183 876 2237 quam
904 2178 1112 2221 terrena
1142 2169 1429 2233 desiderat,
1473 2170 1560 2238 qui
1594 2170 1692 2224 htt-

137 2252 291 2309 mana
328 2238 535 2305 spernit,
562 2249 623 2293 ut
648 2238 815 2307 possit
845 2237 1041 2292 habere
1068 2239 1266 2292 divina.
1306 2239 1433 2292 Nam
1481 2237 1563 2293 his
1601 2241 1688 2309 qui

135 2306 513 2379 hocrszeculum
555 2306 800 2377 diligunt,
841 2317 895 2362 et
937 2309 1025 2379 qui
1067 2310 1119 2361 in
1158 2312 1403 2377 prtescnti
1452 2306 1691 2379 tempore

127 2377 413 2445 gloriantur
433 2388 486 2432 et
513 2380 868 2447 complaeent,
898 2378 1017 2432 audi
1047 2379 1171 2447 quid
1202 2380 1397 2433 dicitur
1428 2397 1440 2432 :
1473 2377 1690 2435 Nescitis

122 2448 235 2514 quia
262 2449 479 2520 amicitia
506 2450 659 2517 hujus
686 2449 862 2501 mundi
892 2449 1096 2520 inimica
1117 2460 1188 2502 est
1210 2449 1317 2503 Deo
1335 2450 1360 2502 ?
1386 2450 1449 2503 Et
1469 2453 1692 2520 quicum-

120 2534 208 2587 quc
249 2517 462 2572 voluerit
502 2535 609 2588 esse
649 2520 840 2571 amicus
883 2519 1033 2588 hujus
1082 2521 1270 2586 siccati,
1319 2517 1551 2576 inimicus
1592 2522 1689 2576 Dei

118 2589 432 2658 constituitur
468 2587 669 2658 (Jacobi
696 2605 766 2653 tv,
795 2590 874 2658 4).

176 2657 405 2730 CAPUT
452 2657 565 2713 XV.
627 2657 900 2712 Viduarum
928 2660 1111 2729 triplex
1148 2678 1318 2730 genus.
1351 2660 1528 2725 Qualis
1554 2659 1692 2716 Chri-

115 2729 169 2779 sti
214 2729 368 2781 ridua
403 2730 578 2783 debeat
627 2746 750 2783 esse.
798 2730 921 2784 llaec
960 2731 1088 2797 tibi,
1129 2729 1285 2785 seror
1325 2732 1686 2795 dilectissima,

117 2798 233 2871 quid
257 2799 610 2871 christianum
636 2814 792 2867 agere
818 2802 1118 2869 conveniat,
1144 2803 1458 2871 proutpotui
1480 2845 1494 2868 ,
1524 2805 1691 2870 expli-

113 2870 237 2921 cavi.
273 2869 329 2923 Si
364 2884 495 2941 ergo
520 2885 706 2925 omnes
731 2872 1046 2940 generaliter
1065 2872 1151 2940 qui
1176 2869 1456 2926 Christiani
1484 2869 1690 2927 nuneu-

110 2949 334 3006 pantur,
381 2955 501 2995 esse
544 2941 677 2995 tales
711 2950 954 3009 oportet;
989 2957 1128 2996 nunc
1160 2950 1260 2995 ture
1292 2943 1581 3010 prudentiae
1609 2952 1691 2997 est

110 3012 408 3077 ustimare,
454 3012 664 3081 qualem
704 3020 755 3064 tu
799 3020 849 3066 te
891 3012 1098 3066 viduam
1149 3013 1345 3066 debeas
1397 3013 1690 3078 exhibere,

110 3094 258 3146 quam
280 3083 490 3135 cunctis
516 3082 650 3135 bene
677 3083 1112 3136 conversantibus
1142 3098 1260 3137 esse
1280 3091 1487 3150 oportet
1505 3097 1688 3136 exem-

110 3151 270 3214 plum.
295 3151 424 3205 Tria
457 3160 636 3222 autem
658 3166 778 3207 esse
799 3153 1072 3205 viduarum
1100 3167 1292 3221 genera
1316 3168 1419 3205 non
1446 3153 1690 3222 ignorare

110 3227 161 3271 te
204 3223 388 3275 credo.
434 3221 611 3275 Unum
648 3221 791 3291 quod
839 3223 1280 3290 perfectissimum
1325 3232 1442 3285 est,
1474 3221 1690 3277 temlesti

117 3292 324 3362 praemio
361 3292 683 3345 destinatum
724 3311 737 3347 :
772 3293 947 3362 quod,
989 3295 1092 3346 ritu
1130 3292 1270 3346 illius
1294 3292 1361 3347 de
1406 3293 1691 3362 Evangelia

125 3359 298 3432 viduae,
326 3363 436 3416 Deo
460 3359 1092 3432 orationibus—ctjejuniis
1118 3363 1202 3432 die
1222 3373 1484 3432 noctuque
1508 3359 1691 3418 deser-

127 3430 189 3503 vit
213 3430 354 3503 (Luc.
388 3448 441 3493 ll,
468 3433 581 3503 57).
608 3432 762 3486 Aliud
794 3430 944 3497 vero,
972 3431 1368 3503 quoditiliorum
1393 3430 1576 3488 curam
1606 3435 1691 3488 ha-

128 3495 239 3551 bere
260 3502 449 3555 dicitur
474 3495 764 3565 ct'domus,
796 3518 897 3555 non
927 3495 1073 3556 tat-no
1098 3502 1312 3572 dignum
1338 3545 1352 3569 ,
1385 3518 1483 3557 nec
1514 3514 1687 3559 tamen

131 3572 671 3643 peccatisiobnoxium.
713 3573 948 3627 Tertium
975 3583 1150 3627 autem
1176 3588 1342 3641 genus
1368 3583 1449 3627 est
1476 3574 1527 3627 in
1557 3590 1690 3643 epu-

134 3635 194 3712 [is
218 3648 265 3692 et
288 3641 510 3707 deliciis,
542 3643 683 3711 quod
722 3652 936 3697 aeterna:
966 3643 1119 3696 morti
1148 3635 1387 3696 scrvatur
1410 3652 1465 3697 ct
1494 3635 1685 3712 ptenau

128 3705 543 3783 Sieut_scriptum
561 3705 659 3767 est
679 3753 693 3776 ,
749 3712 938 3767 Viduas
967 3716 1159 3766 honora
1180 3752 1197 3779 ,
1240 3728 1351 3782 qua:
1377 3705 1508 3769 verte
1528 3715 1691 3769 viduae

124 3789 243 3855 sunt.
276 3780 537 3837 lstzc'sunt
568 3783 789 3855 primm,
811 3799 930 3852 qua:
957 3784 1205 3855 dicuntur
1224 3780 1471 3855 ctwvcrm,
1501 3792 1553 3837 et
1572 3800 1688 3855 quu-

120 3850 353 3915 jubentur
380 3868 408 3906 a
436 3850 584 3907 tanto
610 3850 886 3908 sacerdote
906 3896 920 3919 ,
956 3853 1054 3907 hoc
1081 3862 1188 3915 est,
1217 3869 1245 3905 a
1278 3854 1558 3908 Timotheo
1589 3850 1687 3907 ho-

122 3923 299 3993 norari.
333 3923 597 3977 Secundae
625 3933 767 3986 sunt,
791 3924 979 3993 quibus
1006 3924 1113 3991 jam
1139 3923 1320 3977 haberi
1353 3939 1455 3977 non
1475 3925 1690 3990 jubetur

122 3985 303 4064 honor,
346 4008 446 4048 nec
475 4004 649 4047 tamen
692 3985 823 4051 vita'
844 3985 1064 4064 negatur
1106 4012 1117 4045 :
1151 3994 1216 4048 de
1242 3993 1434 4062 quibus
1460 3985 1684 4062 dicitur,

125 4057 230 4134 Quae
250 4073 419 4117 autem
457 4065 591 4131 ﬁlios
621 4064 803 4117 habent
830 4057 1149 4133 aut'nepotes
1170 4105 1184 4129 ,
1232 4057 1427 4116 discant
1471 4057 1689 4134 primum

121 4128 304 4183 domum
344 4128 489 4186 suam
536 4135 617 4202 pie
644 4135 661 4165 ³
688 4142 902 4188 tractare
923 4174 939 4201 ,
977 4128 1023 4187 et
1052 4128 1222 4202 parem
1245 4135 1458 4203 gratiam
1471 4128 1690 4189 'reddere

120 4203 411 4264 parentibus.
452 4204 562 4258 like
587 4219 714 4258 vero
745 4204 912 4260 tertiae
935 4215 1091 4269 sunt,
1120 4203 1187 4258 de
1212 4204 1403 4274 quibus
1433 4206 1686 4275 scriptum

211 4338 255 4380 tn
278 4334 527 4398 plerisque
548 4342 673 4398 Μωη
692 4335 823 4389 bene.

3266 320 3402 374 ‘lO-lb‘

1815 427 1942 496 e§t_,_
1968 421 2131 477 Vidua
2151 435 2338 496 autem
2353 440 2467 495 qua:
2489 426 2541 480 in
2562 427 2752 483 deliciis
2777 436 2867 496 est,
2892 429 3054 484 vivens
3088 440 3283 486 mortua
3322 444 3395 489 est

1809 489 1860 569 (ζ
1884 489 2013 569 _Tim.
2039 509 2093 557 v,
2128 495 2190 560 3,
2220 496 2285 561 4,
2315 489 2392 569 6)’.
2426 496 2575 551 Unde
2606 499 2819 569 intelligi
2844 489 3027 567 datur,
3062 517 3168 555 non
3209 518 3396 559 omnes

1812 562 1995 616 viduas
2023 578 2141 643 esse
2177 562 2409 643 aequales
2425 582 2451 643 ;_
2468 583 2563 643 nec
2592 583 2683 623 cas
2714 562 2822 624 D60
2847 562 3055 639 placere
3076 615 3091 636 ,
3119 588 3238 643 qua:
3266 588 3390 629 cor-

1811 646 1940 712 pore
1971 641 2171 712 tantum
2205 635 2375 712 vidt_t:_e
2404 637 2651 712 videntur
2668 654 2787 712 esse
2811 684 2825 707 ,
2847 635 2964 695 'non
2991 635 3174 712 opere.

1879 703 2060 784 Qualis
2088 714 2265 760 autem
2292 706 2486 761 Christi
2511 709 2663 784 vidua
2688 703 2879 765 debeat
2921 703 3044 784 esse
3060 753 3086 784 ,γ
3105 715 3392 784 Apostolus

1808 771 1937 852 dicit
1965 791 1977 825 :
2009 774 2136 852 Quae
2161 785 2329 852 autem
2354 792 2465 852 pere
2485 779 2637 832 vidua
2667 790 2772 852 est_,_
2790 792 2958 852 sperat
2978 783 3030 837 in
3058 771 3273 840 Domino
3295 828 3311 852 ,
3343 771 3391 843 et

1808 842 1960 923 instat
1995 845 2303 923 orationibus
2323 847 2418 923 _die
2446 865 2505 902 ac
2543 859 2701 923 nocte.
2730 842 2838 905 Nec
2866 852 2993 907 illud
3036 842 3310 923 prmtcrire
3340 866 3391 911 te

1806 913 1929 968 volo
1953 957 1980 994 ,ι
1996 915 2135 984 quod
2166 917 2556 994 quandoveras
2577 920 2768 994 viduas
2791 913 3077 990 Apostolus
3104 928 3343 980 nominat
3368 969 3383 994 ,

1806 997 1924 1038 esse
1950 985 2279 1061 demonSIrat
2299 995 2352 1043 et
2373 988 2676 1061 falsasLhoc
2701 1000 2801 1055 est,
2826 985 2944 1046 actu
2970 1033 2984 1056 ,
3016 1004 3194 1050 mente
3214 1037 3228 1061 ,
3254 985 3387 1051 coni

1805 1056 2124 1121 versatione,
2150 1072 2254 1110 non
2280 1073 2522 1127 corpore.
2550 1060 2615 1115 Et
2633 1061 2758 1116 alibi
2777 1062 2944 1117 vidum
2965 1077 3106 1118 vera:
3132 1071 3186 1118 et
3206 1056 3389 1121 electae

1805 1132 1979 1200 aetum
2026 1130 2591 1200 conversationemque
2639 1131 2891 1186 describit
2929 1133 3065 1188 idem
3114 1136 3385 1200 apostolus

1804 1194 2025 1273 dicens,
2060 1196 2223 1273 Vidua
2248 1194 2592 1273 eligaturq'uaz
2628 1203 2777 1273 fuerit
2813 1203 2865 1255 in
2895 1202 3125 1273 operibus
3149 1194 3291 1258 bonis
3318 1216 3391 1259 te-

1804 1265 2091 1345 stimonium
2114 1265 2332 1345 habens;
2346 1270 2405 1345 Si
2435 1265 2819 1345 ﬁlioseducavit
2840 1314 2852 1335 ,
2876 1265 3015 1343 quod
3044 1275 3386 1345 subintelligi-

1806 1338 2048 1414 tun-ilco
2067 1354 2092 1414 ;_
2108 1341 2152 1392 si
2178 1338 2394 1414 hospitio
2421 1343 2637 1414 recepit,
2670 1343 2711 1396 si
2739 1338 3028 1414 sanctorum
3050 1344 3200 1414 pedes
3224 1338 3342 1400 lavit
3366 1386 3381 1411 ,

1803 1406 1847 1485 si
1871 1406 2239 1485 tribulationem
2266 1406 2565 1485 patieuiibus
2586 1413 3001 1485 subittinistravit,
3030 1406 3074 1469 si
3094 1431 3239 1469 omne
3259 1406 3386 1485 Opus

1803 1475 1983 1553 bonum
2022 1475 2282 1553 subsecuta
2310 1489 2380 1534 est
2407 1479 2566 1553 (Ibid.
2607 1483 2640 1535 5
2664 1525 2679 1549 ,
2714 1483 2817 1553 10).
2861 1475 3006 1539 Hauc
3043 1500 3162 1540 esse
3199 1475 3381 1539 vcr'am

1773 1547 2340 1621 _viduam_judic_avit,
2393 1547 2543 1620 cujus
2572 1547 2691 1605 talia
2722 1547 2844 1606 sunt
2884 1569 3065 1621 Opera.
3118 1556 3209 1609 Illa
3254 1571 3381 1610 vero

1801 1618 2068 1693 quomodo
2088 1635 2146 1674 se
2168 1618 2599 1693 ChristiAvidu‘am
2639 1622 2801 1688 dicit,
2842 1618 2959 1693 qum
2989 1626 3119 1679 nihil
3152 1626 3254 1681 tale
3282 1626 3382 1679 ali-

1801 1688 2011 1769 quando
2034 1690 2524 1769 operata_‘est?_Se(_l
2555 1700 2679 1769 suni
2702 1688 2891 1769 aliqua;
2918 1693 3105 1769 divites
3126 1737 3140 1759 ,
3174 1697 3379 1749 nobiles

1799 1767 2118 1833 et‘potentes
2137 1802 2151 1827 ,
2175 1761 2363 1829 quibus
2395 1761 2610 1833 forsitan
2632 1761 2838 1833 videtur
2868 1763 3137 1833 indignum
3158 1807 3172 1829 ,
3203 1776 3261 1819 ιιι
3288 1775 3379 1818 aut

1801 1827 1938 1903 ﬁlios
1972 1830 2078 1903 Deo
2098 1872 2112 1893 ,
2153 1827 2207 1885 et
2237 1846 2337 1884 non
2370 1832 2566 1885 smcnlo
2591 1831 2840 1898 educent,
2869 1843 2955 1886 aut
2979 1827 3211 1903 hospitio
3237 1836 3375 1889 rcci-

1799 1901 1947 1970 piunt
1971 1900 2250 1966 advenam,
2274 1910 2363 1955 aut
2386 1910 2687 1956 sanctorum
2714 1902 2872 1970 pedes
2898 1900 3211 1967 laboriosos,
3236 1906 3377 1958 lutu-

1801 1968 1969 2024 lentos
1991 1980 2045 2025 et
2074 1972 2313 2025 horridos
2340 1972 2543 2038 lavent,
2573 1981 2625 2025 et
2651 1968 2889 2027 delicatis
2919 1981 2973 2027 et
3004 1974 3184 2028 nitidis
3207 1978 3378 2028 mani—

1799 2038 1896 2093 bus
1923 2048 2154 2110 tangant.
2189 2042 2264 2111 (α)
2292 2040 2396 2096 Sed
2440 2058 2537 2096 nec
2562 2042 2736 2112 digna:
2760 2052 2916 2097 erunt
2957 2043 3089 2098 tales
3120 2045 3170 2098 in
3202 2044 3378 2099 futuro

1798 2115 2038 2183 tempore
2075 2122 2378 2166 sanctorum
2407 2126 2525 2166 esse
2548 2122 2822 2168 consortes
2846 2156 2860 2179 ,
2888 2129 3020 2182 quos
3045 2115 3113 2168 ita
3150 2115 3202 2168 in
3242 2130 3378 2183 prte-

1799 2182 1933 2252 scnti
1974 2192 2319 2251 sprevt-rnnt;
2351 2198 2448 2236 nec
2490 2192 2693 2252 partem
2738 2184 2933 2238 habere
2976 2192 3225 2252 poterunt
3246 2182 3373 2239 eum

1798 2250 2010 2306 Christo
2030 2294 2043 2317 ,
2071 2268 2229 2322 quem
2259 2250 2530 2321 suscipere
2562 2254 2842 2323 noluerunt
2862 2296 2875 2319 ,
2908 2263 2962 2308 et
2978 2250 3139 2321 cujus
3170 2254 3377 2323 plantas

1798 2322 1907 2374 suis
1930 2332 2263 2377 contrectare
2298 2324 2537 2377 manibus
2563 2322 2884 2383 horruerunt
2915 2342 2927 2377 :
2959 2326 3078 2393 quia
3106 2323 3372 2379 Christum

1797 2393 2031 2464 spernit,
2078 2394 2398 2463 quicumque
2434 2394 2551 2461 ejus
2582 2394 3063 2464 latnttlosispcrnit;
3097 2396 3235 2449 sicut
3262 2396 3375 2464 ipse

1797 2462 1942 2536 dicit,
1978 2463 2080 2536 Qui
2103 2462 2191 2536 tios
2214 2464 2526 2536 spernit,_me
2555 2465 2742 2536 spernit
2776 2462 2923 2534 (Luc.
2947 2481 2975 2517 χ
2996 2506 3011 2529 ,
3030 2462 3370 2536 716).7Marizr,

1798 2534 1938 2587 unde
1989 2534 2183 2587 Christi
2236 2533 2397 2602 pedes
2435 2534 2664 2604 lavaret,
2708 2533 2956 2604 lacrymte
2992 2533 3325 2590 abundaruut
3359 2553 3371 2587 :

1799 2605 1963 2674 nostri
1987 2612 2163 2658 autem
2188 2604 2439 2674 temporis
2464 2602 2672 2658 feminis
2696 2602 2833 2658 unde
2855 2608 3250 2674 peregrinorum
3279 2620 3375 2673 pe-

1797 2672 1891 2727 des
1938 2676 2113 2728 lavent
2140 2678 2254 2744 ipsa
2276 2673 2451 2728 deficit
2476 2689 2632 2743 aqua.
2664 2674 2741 2727 Tu
2768 2672 2896 2744 ergo
2916 2715 2929 2739 ,
2960 2672 3291 2729 sanctissima
3322 2684 3376 2729 ct

1800 2744 2205 2811 prudentissima
2237 2743 2429 2797 femina
2451 2786 2465 2807 ,
2512 2761 2578 2797 ne
2609 2744 2745 2797 velis
2788 2743 2982 2799 imitari
3029 2744 3329 2813 hujusmodi
3357 2787 3370 2808 ,

1797 2829 1917 2881 qua:
1954 2830 2074 2868 cum
2114 2815 2370 2869 audenter
2399 2814 2788 2880 malefecerint,
2823 2814 3136 2871 benefacere
3178 2816 3373 2870 erube-

1798 2893 1981 2949 scunt;
2014 2895 2067 2940 et
2090 2884 2484 2956 confunduntur
2518 2885 2659 2952 juste
2694 2885 2905 2948 vivere,
2946 2902 3065 2956 quo:
3108 2902 3211 2940 non
3256 2895 3376 2940 sunt

1800 2970 2021 3025 pecc:trc
2054 2954 2315 3021 confusae,
2360 2965 2413 3007 et
2453 2970 2571 3021 qiue
2598 2969 2655 3008 se
2678 2956 2837 3009 morti
2866 2954 3004 3011 ultro
3029 2957 3334 3011 obtulerunt
3358 2998 3372 3021 ,

1800 3024 1896 3081 nec
1944 3026 2174 3079 invitata:
2214 3033 2550 3079 revertuntur
2590 3024 2656 3077 ad
2705 3026 2864 3079 vitam
2902 3044 2914 3078 :
2946 3042 3063 3094 qua:
3101 3026 3375 3080 hominum

1799 3096 1964 3166 magis
1993 3098 2130 3149 risus
2158 3095 2599 3166 subsannationcs
2620 3105 2672 3148 et
2696 3095 2899 3149 fabulas
2927 3112 3083 3165 quam
3117 3098 3206 3150 Dei
3239 3097 3376 3164 judi-

1796 3164 1936 3221 cium
1967 3166 2346 3234 pertimescunt
2368 3208 2381 3230 ,
2410 3175 2463 3219 et
2483 3164 2673 3232 quibus
2702 3166 2913 3219 charius
2944 3164 3025 3220 est
3048 3166 3255 3220 miseris
3279 3167 3375 3217 ho-

1798 3238 2028 3292 minibus
2059 3237 2266 3305 placere
2286 3250 2440 3303 quam
2465 3234 2698 3305 Christo.
2727 3235 2829 3289 Sed
2852 3245 2966 3290 esto
2996 3234 3137 3300 talis,
3169 3236 3376 3303 qualem
3400 3280 3401 3283 η

1801 3318 1851 3362 te
1891 3304 2144 3361 Dominus
2186 3320 2306 3359 esse
2340 3304 2623 3374 praecepit,
2657 3305 2864 3373 qualem
2904 3304 3192 3373 Apostolus
3230 3305 3379 3371 jubet

1796 3378 2034 3433 exhiberi
2087 3386 2141 3431 et
2187 3375 2383 3429 Christi
2430 3375 2620 3439 vidua,
2671 3384 2786 3429 esto
2828 3384 3043 3437 sancta,
3085 3374 3301 3428 Immitis
3322 3384 3375 3428 et

1797 3450 1973 3518 quieta
2005 3468 2019 3504 :
2048 3446 2428 3518 misericordia:
2457 3454 2522 3518 et
2561 3444 2781 3518 justiiire
2815 3460 2985 3518 Opera
3010 3444 3376 3518 indesinenter

1798 3515 2006 3573 exerce.
2034 3519 2099 3571 Et
2123 3517 2348 3586 quisque
2379 3524 2431 3570 te
2454 3516 2507 3569 in
2533 3515 2877 3586 opprobrium
2905 3515 3129 3580 habeat,
3158 3516 3381 3583 quisque

1798 3589 2087 3643 sobsannet
2112 3584 2167 3641 et
2197 3584 2415 3641 irrideat
2444 3603 2455 3639 :
2492 3594 2545 3639 tu
2570 3594 2769 3638 tantum
2799 3585 2910 3639 Deo
2932 3586 3161 3654 placeas,
3186 3594 3237 3638 ct
3262 3600 3381 3653 qua:

1797 3659 1993 3716 Christi
2023 3666 2147 3712 sunt
2168 3671 2343 3727 geras.
2379 3660 2516 3710 Ante
2545 3656 2731 3727 omnia
2754 3656 3140 3727 incessabiliter
3165 3654 3379 3727 Domini

1799 3731 1870 3783 ttti
1895 3729 2153 3783 meditare
2175 3724 2422 3781 inundata
2447 3767 2462 3792 ,
2491 3724 2822 3781 orationibus
2846 3736 2900 3780 et
2924 3725 3149 3780 Psalmis
3174 3725 3377 3777 instan-

1798 3810 1878 3853 ter
1906 3800 2148 3853 incumbe
2181 3816 2194 3853 :
2222 3806 2283 3851 ut
2320 3799 2362 3851 si
2392 3796 2644 3866 possibile
2671 3804 2788 3861 est,
2830 3812 2987 3851 nemo
3018 3804 3069 3866 te
3097 3794 3381 3866 aliquando

1798 3870 1897 3923 nisi
1921 3878 2009 3922 aut
2032 3868 2295 3939 legentem
2324 3864 2588 3929 inveniat,
2620 3878 2711 3939 aut
2734 3876 2996 3922 orantem.
3029 3865 3236 3939 Etcum
3268 3864 3355 3918 {ue

1798 3941 1870 3994 ris
1894 3940 2031 4004 talis,
2051 3936 2219 3993 nostri
2249 3946 2550 4003 memento,
2582 3936 2671 4006 qui
2703 3946 2753 3992 te
2779 3945 2981 3991 tantum
3011 3936 3297 4006 diligimus,
3326 3944 3375 3988 ut

1796 4011 1935 4079 quod
1967 4018 2254 4077 prmsentes
2274 4017 2527 4078 praestare
2556 4022 2661 4061 non
2700 4022 2982 4077 possumus
3002 4046 3018 4075 ,
3044 4005 3381 4062 conferamus

1796 4083 2065 4135 absentes.

1861 4252 1934 4317 (τι)
1969 4251 2069 4301 vid.
2093 4250 2364 4312 serme,
2391 4263 2441 4299 n.
2470 4250 2515 4309 1,
2534 4251 2582 4298 in
2608 4248 2820 4311 Append.
2848 4249 3049 4313 tomi5.l_

142 4416 3372 4440 mw

887 4564 896 4569 _
939 4488 1393 4551 ADMONITIO
1432 4489 1514 4551 IN
1558 4487 2181 4565 SUBSEQUENTEM
2210 4487 2531 4549 LIBRUM.

186 4626 397 4686 Paulino
439 4632 789 4703 Forojuliensi
822 4648 917 4688 seu
943 4632 1265 4702 Aquileiensi
1310 4631 1628 4702 patriarcha:
1667 4632 1768 4687 erit
1796 4630 2008 4687 tandem
2036 4629 2322 4701 aliquando
2362 4631 2637 4685 restitutus
2678 4628 2827 4686 hicce
2862 4629 3026 4695 liber,
3066 4631 3380 4687 auctoritate

126 4716 390 4777 Colbertini
417 4725 693 4795 cujusdam
733 4723 949 4793 optima:
975 4734 1114 4779 noue
1139 4731 1193 4778 et
1218 4723 1601 4793 antiquissima:
1626 4722 1903 4791 scriptum
1928 4720 2150 4777 codicis.
2179 4720 2455 4776 Scribebat
2482 4720 2578 4775 sub
2606 4719 2780 4775 octavi
2802 4719 2981 4774 surculi
3012 4721 3169 4775 tinem
3196 4720 3378 4775 Pauli-

127 4823 210 4863 nus
248 4813 628 4885 Forojuliensis
651 4855 664 4879 ,
696 4830 837 4869 anno
864 4815 1044 4869 saeculi
1087 4814 1214 4868 noni
1260 4813 1493 4869 secundo
1520 4813 1657 4873 forte
1686 4812 1770 4868 vel
1797 4815 1951 4868 tertio
1975 4813 2219 4867 denatus.
2251 4812 2367 4866 Mox
2406 4827 2535 4866 vero
2580 4813 2676 4881 ipsi
2706 4813 2757 4865 in
2796 4813 2993 4868 smculo
3014 4811 3208 4868 eodem
3237 4828 3382 4869 nouo

126 4901 406 4974 ademptum
429 4906 672 4963 videmus
695 4906 796 4961 hoc
820 4920 972 4976 opus,
1004 4914 1060 4960 ut
1081 4914 1471 4975 supponeretur
1498 4905 1813 4975 Augustino.
1840 4904 1973 4959 Nam
2004 4904 2428 4959 Theodericense
2453 4913 2627 4960 exstat
2654 4919 2914 4960 annorum
2935 4948 2950 4972 ,
2982 4906 3083 4961 nisi
3112 4904 3343 4961 fallimur
3366 4949 3379 4972 ,

129 4995 530 5066 octingentorum
574 4997 880 5067 exemplar,
928 4996 1136 5050 titulum
1180 4995 1323 5050 hunc
1344 5010 1375 5050 a
1405 4996 1574 5065 prima
1602 5010 1764 5052 manu
1792 4995 2047 5066 scriptum
2093 4995 2147 5049 in
2176 4993 2351 5049 fronte
2380 4995 2507 5069 libri,
2543 4994 2746 5051 habens
2775 5014 2787 5049 :
2829 4995 2979 5051 Liber
3018 4998 3417 5055 exhortationis

131 5091 266 5141 sancti
287 5092 554 5163 Augustini
579 5092 647 5145 ad
666 5092 933 5162 quemdam
958 5090 1189 5145 comitem
1213 5090 1566 5144 charissimam
1589 5090 1705 5145 sibi.
1729 5090 1938 5146 Citalur
1964 5105 1997 5145 a
2022 5090 2274 5146 Gratiano
2298 5132 2314 5157 ,
2345 5090 2412 5146 de
2438 5091 2631 5146 Ptnnit.
2661 5092 2785 5147 dist.
2829 5090 2866 5147 ἓ
2888 5134 2904 5158 ,
2950 5108 3067 5164 cap.
3119 5093 3181 5148 Si
3227 5096 3340 5164 quis
3379 5113 3394 5159 ;

134 5177 299 5248 ibique,
323 5183 398 5237 uti
420 5191 473 5239 et
493 5183 633 5253 apud
658 5182 1028 5245 Trithcmium,
1064 5181 1333 5253 Augustini
1352 5184 1422 5235 ad
1437 5181 1706 5236 lulianum
1725 5183 1954 5238 comitem
1977 5181 2192 5253 epistola
2222 5192 2553 5253 nuncupatur
2578 5202 2591 5241 :
2622 5200 2729 5255 quo
2752 5185 2854 5240 sub
2880 5186 2914 5240 ti
2933 5187 3031 5241 .uio
3051 5187 3209 5241 etiam
3243 5187 3382 5240 inter

139 5266 382 5339 Augustini
407 5274 664 5344 epistolas
692 5272 864 5328 locum
894 5273 1073 5327 habuit
1104 5273 1159 5327 in
1198 5273 1366 5343 prima
1394 5271 1628 5328 editione
1650 5288 1835 5328 earum
1864 5274 2305 5329 Amerbaehiana.
2340 5274 2406 5328 Et
2434 5275 2645 5344 quidem
2677 5277 2810 5330 liber
2835 5277 2885 5329 iu
2915 5279 3123 5332 caeteris
3145 5275 3258 5331 fere
3295 5294 3384 5331 co~

140 5359 309 5421 dicibus
332 5367 457 5423 Mss.
490 5382 627 5437 quos
660 5366 1071 5421 Theodericensi
1100 5364 1424 5435 posteriores
1452 5380 1638 5421 omnes
1668 5366 1963 5421 invenimus
1983 5408 1997 5431 ,
2029 5366 2097 5419 ad
2118 5365 2384 5435 quemdam
2408 5368 2637 5421 comitem
2662 5368 2757 5421 sibi
2779 5369 3137 5423 amicissimum
3169 5384 3379 5438 przeno-

142 5461 287 5513 tatur:
309 5459 391 5514 cui
434 5458 591 5513 titulo
618 5457 756 5513 favet
795 5455 926 5511 illud
974 5455 1113 5525 quod
1144 5457 1196 5510 in
1223 5456 1396 5525 capite
1426 5456 1495 5511 6?.
1542 5457 1760 5526 legitur,
1788 5454 1948 5528 Cujus
1978 5455 2185 5528 (judiris
2207 5455 2415 5527 Christi)
2444 5456 2690 5525 palatium
2721 5474 2845 5512 auro
2884 5469 3188 5530 argentoque
3214 5461 3384 5515 nullus

145 5546 387 5621 episcopus,
408 5567 503 5606 nec
541 5548 719 5613 abbas,
747 5565 837 5604 nec
863 5564 1028 5603 comes
1047 5564 1367 5619 corrumpere
1394 5548 1594 5617 poterit.
1624 5549 1691 5601 At
1718 5547 1912 5602 Juliaui
1941 5549 2150 5602 comitis
2180 5564 2375 5603 nomen
2420 5548 2505 5603 vix
2546 5566 2682 5605 unus
2712 5559 2767 5604 et
2812 5552 2946 5605 alter
2987 5552 3151 5607 codex
3187 5554 3235 5606 iu
3267 5553 3382 5606 libri

146 5634 231 5690 liae
247 5640 563 5712 adscriptum
592 5639 771 5695 habet.
810 5639 881 5694 Et
906 5653 1037 5694 vero
1065 5639 1399 5708 suspicamur
1425 5639 1645 5694 missum
1677 5640 1851 5709 potius
1879 5641 2069 5693 librum
2102 5641 2166 5695 ad
2198 5641 2439 5698 [Eritium
2471 5642 2658 5698 ducem
2688 5642 2800 5697 sive
2839 5643 3088 5698 comitem
3108 5684 3122 5709 ,
3155 5660 3271 5714 qua:
3301 5645 3384 5699 di-

146 5728 357 5789 Suitatum
382 5739 604 5789 nomtna
628 5733 697 5785 de
735 5729 918 5785 eodem
946 5730 1238 5800 promiscue
1264 5738 1514 5801 usurpata
1541 5731 1665 5785 olim
1694 5746 1812 5787 esse
1838 5732 2072 5803 reperies
2112 5732 2166 5786 iu
2193 5732 2308 5788 Vita
2336 5733 2504 5787 sancti
2534 5730 2684 5803 Eligii
2708 5772 2722 5799 ,
2757 5731 2846 5788 lib.
2869 5732 2932 5800 2,
2960 5747 3076 5803 cap.
3108 5735 3177 5791 5‘.)
3201 5778 3213 5802 ,
3243 5745 3297 5791 et
3324 5736 3375 5792 in
