3804 6358
159 285 252 338 1061

151 406 230 460 est,
251 393 393 449 debet
423 389 692 444 humiliter
715 388 989 460 ambulare
1013 397 1067 441 et
1097 400 1438 460 perseverare
1466 383 1517 437 in
1545 384 1664 450 Spi-

151 454 234 520 ritu
261 471 427 517 saneto
462 479 474 514 :
506 461 629 530 quia
671 458 798 530 nihil
818 456 1047 530 prodest
1087 454 1432 530 christianum
1477 468 1535 508 se
1578 469 1667 507 ιθ-

150 532 365 604 spondere
386 525 586 604 verbis,
617 537 673 604 et
707 525 858 604 factis
887 541 1100 604 negare,
1128 525 1670 604 dumcorrupt'uslest

149 594 358 674 nientcet
388 599 602 674 spiritu.
627 597 918 674 Deitalibus
1009 596 1308 674 Evangelio
1331 596 1440 674 ipsa
1467 594 1668 674 Yet-itas

146 674 261 732 dicit,
285 669 398 722 Non
422 664 599 722 omnis
635 668 721 736 qui
745 668 864 720 dicit
895 667 1038 732 mihi,
1069 664 1318 736 Domine,
1336 664 1566 728 Domine,
1574 664 1668 736 jn-

145 741 264 795 trahit
284 740 331 793 in
354 755 562 808 regnum
584 733 852 799 cmlorum;
881 738 969 789 δρα
992 737 1076 804 qui
1089 735 1223 858 [acit
1242 735 1540 787 uoluntatem
1562 733 1668 786 Pu-

145 814 215 858 ιής
239 810 323 858 mei
344 811 426 858 aui
453 809 507 858 in
536 806 670 858 melii
699 815 796 858 est.
823 806 930 858 inse
955 807 1084 858 intra
1121 806 1156 857 it
1188 805 1240 858 in
1279 819 1485 858 reantmt
1513 804 1663 856 mlo-

144 814 215 866 tris
239 810 323 863 mei
344 804 426 878 qui
453 809 507 860 iu
536 806 799 878 (aliaest!
823 806 930 878 ipse
955 804 1156 878 intrabit
1188 805 1240 858 in
1279 804 1663 878 requtmt_cmlo-

144 899 236 935 nun
263 872 466 950 (ifa'tth.
489 894 583 950 vn,
611 875 728 950 2|).
749 877 827 950 Δῌι
845 872 916 950 'in_
931 876 1036 950 alio
1061 875 1178 950 loco
1213 872 1466 943 propheta
1495 873 1667 926 incre-

143 943 287 1021 pando
310 948 452 1023 dicit,
482 946 706 1014 Populus
739 946 819 1023 big
849 945 992 1023 (tibiis
1034 961 1110 998 me
1130 943 1369 1023 honorat,
1395 959 1479 995 cor
1499 951 1664 1023 autem

143 1013 285 1073 corum
311 1019 453 1086 longe
475 1013 600 1070 estin
625 1032 702 1069 me
747 1014 898 1084 (Isai
949 1030 1094 1078 χχιι,
1126 1013 1432 1086 l5).hNat_n
1479 1013 1664 1068 civitas

140 1091 174 1144 si
210 1089 346 1142 fuerit
390 1082 439 1140 in
464 1102 564 1139 una
593 1095 738 1152 parte
757 1082 958 1138 munita
984 1126 998 1146 ,
1029 1095 1079 1136 et
1112 1099 1175 1138 ex
1207 1082 1320 1136 alia
1374 1082 1658 1144 destructa,

139 1159 307 1212 aditum
335 1158 397 1210 ad
423 1173 482 1210 se
514 1156 757 1210 hostibus
789 1156 1004 1222 praebet.
1043 1154 1107 1206 Et
1133 1155 1277 1206 navis
1306 1153 1349 1205 si
1383 1152 1536 1205 fuerit
1562 1153 1666 1205 for-

139 1231 240 1283 titer
256 1226 587 1296 compagibus
623 1225 863 1296 solidata,
891 1233 946 1278 ct
972 1240 1128 1296 unam
1171 1223 1407 1296 habuerit
1428 1222 1664 1296 tabulam

144 1291 656 1372 perfomlam',_aqt_ta_3
692 1294 939 1372 iluctibus
966 1295 1221 1372 mergitur
1250 1293 1298 1372 in
1324 1291 1660 1372 profundum.

135 1362 367 1423 Omnibus
407 1362 768 1429 enim—laicis,
805 1365 1007 1417 clericis
1030 1404 1044 1427 ,
1094 1362 1367 1416 monachis
1395 1362 1666 1430 tequaliter

131 1436 354 1491 convenit
392 1436 568 1496 fidem,
599 1449 769 1503 spem,
810 1434 1126 1510 c_haritat_em
1146 1473 1161 1497 ,
1195 1432 1540 1510 humilitatem
1569 1431 1664 1510 ba-

129 1509 255 1570 bere,
280 1514 333 1560 et
358 1507 462 1559 Deo
487 1521 551 1558 ex
581 1502 690 1558 toto
717 1504 875 1558 corde
901 1505 1102 1557 servire
1122 1542 1136 1567 ,
1170 1517 1346 1556 veram
1376 1502 1664 1554 confessio-

129 1593 232 1630 nem
260 1575 444 1637 facere,
475 1584 529 1651 c_t
557 1575 766 1651 dignam
797 1574 1159 1651 [taeititentiam
1189 1587 1382 1651 agerc:
1412 1573 1532 1651 quia
1553 1571 1663 1651 elc-

127 1647 466 1701 meutissimus
493 1642 748 1700 Dominus
773 1643 1197 1714 confugientibus
1218 1642 1281 1696 ad
1303 1642 1663 1711 paenitentiam

131 1716 346 1771 ignescit.

133 1733 398 1841 Ψὲξῖξῧτ
435 1782 676 1852 XXXIX.
713 1783 882 1836 Diluta
903 1783 1212 1852 paenitentia.
1241 1780 1346 1837 Sed
1374 1795 1439 1834 ne
1463 1780 1529 1834 de
1560 1781 1661 1834 mi-

129 1857 389 1910 sericordia
419 1848 626 1908 Doniini
654 1863 852 1907 tantum
896 1848 1065 1908 securi
1110 1854 1419 1916 cxistamus,
1453 1862 1507 1904 ut
1537 1866 1660 1918 pec-

125 1935 224 1979 cata
256 1925 474 1994 peccatis
512 1937 816 1994 augeamus.
862 1922 1043 1992 Neque
1069 1924 1338 1982 dicamus,
1383 1923 1554 1974 Donec
1582 1923 1661 1975 vi-

125 2008 231 2064 geat
285 2007 408 2048 tetas
449 2005 644 2048 nes-tne
693 1995 901 2052 carnis,
949 1994 1406 2060 conenpisccntias
1456 2001 1662 2044 nostras

119 2080 470 2124 exerceamus,
518 2074 568 2118 et
603 2075 869 2141 ptis-tremo
900 2064 950 2116 in
979 2072 1250 2141 senectute
1282 2064 1536 2141 maiora-in
1568 2077 1662 2141 no-

117 2144 338 2188 strorum
380 2133 733 2203 paenitentiam
768 2148 984 2202 agamus
1013 2150 1025 2185 :
1061 2134 1175 2200 pius
1201 2141 1282 2187 est
1309 2134 1448 2186 enim
1480 2131 1660 2184 Domi-

119 2221 218 2258 nus
243 2215 297 2258 et
335 2206 656 2267 misericors,
703 2217 800 2257 nec
844 2204 977 2256 ultra
1023 2204 1310 2256 facinorum
1359 2209 1659 2255 nostrorum

121 2274 480 2327 recordabitnr.
535 2273 634 2340 Ne,
683 2287 894 2343 quaiso,
957 2273 1129 2327 taliter
1173 2274 1486 2343 cogitemus,
1538 2273 1658 2340 quia

121 2359 315 2397 summa
340 2344 552 2399 stultitia
579 2354 658 2396 cst
681 2342 800 2396 hare
823 2343 1054 2411 cogitare
1080 2359 1094 2398 :
1122 2342 1322 2397 cumet
1347 2343 1563 2408 itnpium
1594 2343 1662 2394 sit

117 2414 267 2468 talem
299 2414 554 2468 licentiam
583 2429 611 2465 a
637 2413 744 2466 Deo
776 2414 1041 2480 postulare
1066 2414 1363 2481 quempiam
1387 2412 1538 2474 velle,
1551 2426 1658 2481 _cu-

111 2484 184 2551 ius
211 2484 412 2537 initium
441 2495 542 2546 cst,
571 2499 598 2534 ει
632 2483 738 2536 Deo
776 2479 1022 2551 Separarc
1043 2479 1129 2551 qui
1159 2479 1270 2536 huic
1297 2482 1509 2552 cogitat.
1551 2479 1656 2534 lm-

113 2554 199 2620 pi:e
233 2554 376 2607 enim
407 2553 759 2620 cogitationes
797 2563 1044 2620 separant
1069 2567 1164 2606 nos
1191 2569 1220 2604 a
1250 2551 1382 2605 Deo.
1406 2551 1547 2615 Ideo,
1580 2552 1661 2604 itt-

110 2639 286 2692 quam,
325 2639 395 2678 ne
436 2624 556 2677 talia
599 2623 917 2691 cogitemus,
955 2637 1072 2675 cmn
1115 2623 1410 2676 nesciamus
1439 2637 1548 2692 qua
1576 2622 1660 2676 die

108 2691 335 2746 morituri
386 2695 571 2747 simus.
620 2694 784 2748 Nemo
829 2693 970 2744 enim
1019 2692 1288 2745 hominum
1330 2691 1475 2744 novit
1519 2691 1658 2744 diem

107 2764 265 2816 exitus
293 2763 398 2818 sui.
433 2763 546 2816 Non
578 2778 763 2816 onmcs
798 2764 848 2816 in
891 2771 1164 2816 senectute
1195 2762 1521 2816 moriuntur:
1567 2760 1660 2814 sed

108 2833 146 2885 in
173 2833 404 2887 diversis
432 2834 677 2887 :etatibus
719 2833 784 2886 de
829 2832 929 2884 hoc
974 2832 1168 2885 mundo
1209 2833 1455 2899 migrant.
1501 2831 1568 2884 Et
1609 2831 1658 2884 in

105 2904 285 2970 quibus
311 2905 521 2957 actibus
552 2905 906 2972 unusquisque
936 2901 1096 2955 homo
1124 2902 1368 2956 inventus
1398 2901 1576 2966 fuerit,
1606 2901 1659 2953 in

105 2975 289 3028 eisdem
318 2974 663 3040 iudicabitur,
689 2972 896 3042 quando
921 2972 1094 3025 anima
1119 2973 1306 3025 exierit
1327 2973 1392 3026 de
1416 2986 1656 3042 corpore.

107 3043 224 3097 Dicit
251 3045 399 3098 enim
426 3040 721 3106 Psalmista,
757 3041 918 3096 Nemo
939 3043 989 3095 in
1017 3043 1214 3112 inferno
1231 3041 1545 3112 conﬁtebitur
1574 3040 1661 3094 tibi

105 3112 118 3181 (
137 3113 276 3168 I’sal.
312 3130 397 3177 γι,
440 3113 529 3184 6).
560 3113 681 3166 Ideo
709 3113 1020 3167 festinemus
1044 3110 1110 3166 ad
1142 3110 1504 3182 pmaitentiam
1534 3125 1660 3166 con-

104 3185 243 3236 verti.

159 3252 392 3308 CAPUT
439 3252 555 3307 XL.
586 3251 761 3305 Mortis
789 3253 1039 3322 cogitatio.
1075 3251 1275 3306 Gaudia
1318 3255 1501 3322 futura:
1526 3253 1656 3306 vitaz.

103 3322 316 3392 Semper
358 3333 486 3378 anto‘
523 3325 704 3376 oculos
738 3333 949 3376 nostros
994 3332 1244 3378 versetur.
1268 3323 1485 3376 ultimus
1507 3323 1619 3377 dies
1643 3365 1657 3386 ,

101 3403 146 3444 et
173 3408 295 3447 eum
325 3393 557 3447 diluculo
583 3395 997 3457 surrexerimus,
1031 3410 1094 3447 ne
1118 3393 1184 3447 ad
1237 3408 1510 3460 vesperam
1565 3409 1661 3446 nos

101 3463 422 3517 mni‘idamus
451 3463 762 3533 pervenire;
794 3472 846 3516 et
870 3478 988 3516 cum
1016 3464 1065 3533 in
1099 3463 1288 3518 lectulo
1309 3464 1542 3517 membra
1571 3463 1662 3517 de-

104 3531 463 3597 posuerimus,
522 3534 588 3587 de
639 3534 768 3586 lucis
798 3548 900 3585 non
933 3531 1258 3587 confidamus
1307 3534 1531 3587 adventu
1568 3552 1580 3586 :
1610 3543 1664 3588 et

107 3600 350 3656 facillime
375 3604 661 3673 poterimus
682 3617 870 3671 corpus
897 3613 1133 3673 nostrum
1162 3620 1192 3656 a
1223 3604 1359 3658 vitiis
1387 3613 1440 3658 et
1468 3619 1663 3657 cenen-

107 3671 544 3737 piscentiis'malis
567 3673 855 3726 refrenare.
891 3671 1112 3739 Semper
1154 3688 1245 3726 eor
1279 3682 1512 3726 nostrum
1544 3690 1665 3742 pro-

104 3742 258 3794 missa
287 3745 515 3797 crelestia
545 3743 827 3796 meditetur
849 3783 862 3806 ,
895 3744 1069 3796 omnia
1102 3752 1306 3797 terrena
1343 3758 1460 3812 qua:
1494 3745 1664 3812 possi-

102 3812 282 3866 demus
315 3815 365 3866 in
395 3813 596 3866 futuras
623 3812 853 3866 cmlcstis
882 3813 1025 3881 regni
1057 3816 1356 3867 mansiones
1389 3814 1665 3867 transfera-

104 3896 214 3934 mus
243 3900 256 3934 :
288 3892 346 3936 ut
372 3899 489 3937 eum
530 3882 599 3936 ibi
646 3883 876 3951 provecti
914 3883 1167 3936 fuerimus
1189 3925 1203 3949 ,
1237 3881 1473 3936 fruamur
1514 3885 1663 3940 bonis

106 3952 421 4006 cmlestibns.
455 3953 583 4006 Nam
611 3952 874 4006 credimus
901 3953 1018 4021 quia
1047 3969 1167 4007 cum
1198 3968 1225 4005 a
1253 3955 1427 4007 carnis
1458 3955 1663 4009 vinculo

108 4024 269 4075 anima
303 4034 481 4076 nostra
516 4023 671 4076 fuerit
699 4022 936 4076 absoluta
960 4063 976 4088 ,
1005 4024 1048 4076 si
1080 4023 1216 4077 bene
1243 4033 1294 4077 et
1318 4032 1462 4079 recte
1485 4039 1660 4080 coram

112 4090 208 4162 Deo
227 4093 512 4146 vixerimus
536 4135 550 4156 ,
579 4109 697 4147 mox
720 4094 769 4146 in
793 4109 1068 4147 occursum
1088 4103 1321 4147 nostrum
1345 4093 1661 4162 Augclnt'um

113 4160 290 4214 chorus
318 4172 595 4226 occurret,
626 4164 966 4228 omniumque
1009 4163 1321 4218 Sanctorum
1366 4160 1570 4231 agmina
1612 4167 1662 4219 in

117 4241 307 4285 nostros
351 4234 708 4286 miscebantur
745 4234 1058 4300 amplexus,
1118 4241 1173 4288 et
1219 4232 1285 4286 ad
1338 4233 1662 4289 adorandum

123 4314 278 4372 verum
298 4303 526 4370 judicent
551 4302 856 4371 perducent.
875 4304 930 4358 Si
948 4303 1070 4356 dum
1091 4303 1140 4356 in
1161 4317 1383 4372 corpore
1406 4303 1627 4358 vivimus
1645 4347 1660 4369 ,

123 4370 236 4442 sicut
261 4371 366 4425 dixi
391 4414 404 4437 ,
439 4370 564 4442 quze
585 4374 693 4428 Deo
721 4382 842 4427 sunt
870 4374 1060 4442 placita
1091 4370 1342 4427 faciamus
1367 4413 1382 4440 ,
1415 4382 1537 4428 tunc
1565 4375 1666 4429 erit

125 4440 253 4511 nobis
281 4458 377 4511 pax
404 4440 469 4495 in'
483 4444 700 4496 circuitu
725 4484 739 4505 ,
770 4451 824 4497 et
843 4440 1047 4496 summa
1068 4444 1321 4497 securitas
1345 4461 1356 4494 :
1391 4459 1487 4498 nec
1514 4444 1666 4498 lime-

128 4507 438 4582 bimns'ultra
465 4512 660 4566 diaboli
689 4514 846 4582 ignita
870 4513 1043 4581 jacula
1067 4554 1082 4579 ,
1115 4528 1212 4569 nec
1240 4513 1401 4566 ullum
1439 4513 1665 4582 quemli-

130 4576 199 4631 bet
223 4581 485 4635 inimicum
509 4623 523 4648 ,
552 4582 640 4651 qui
671 4576 814 4650 cupit
850 4576 1076 4637 animas
1096 4591 1305 4637 nostras
1343 4576 1576 4651 jaculare
1605 4585 1619 4614 ¹
1647 4601 1661 4649 ;

133 4661 215 4702 non
258 4651 448 4705 ferrum
473 4693 488 4715 ,
541 4669 644 4704 non
689 4653 860 4720 ignem
885 4692 900 4717 ,
946 4669 1048 4706 nun
1087 4653 1272 4707 faciem
1315 4653 1662 4707 truculentam

132 4721 345 4785 tortoris,
380 4738 484 4775 non
517 4722 743 4783 famem,
774 4738 877 4776 non
921 4723 1103 4785 sitim,
1146 4739 1250 4777 non
1291 4723 1449 4776 ullam
1489 4724 1664 4776 carnis

132 4791 482 4856 mgritudincm.
520 4792 630 4845 Non
672 4791 804 4847 ultra
839 4791 1207 4846 adversabitur
1249 4807 1374 4846 caro
1415 4793 1661 4861 spiritui,

135 4872 207 4931 nec
230 4863 384 4916 ullum
413 4862 715 4916 timebimus
743 4862 1030 4931 periculum
1057 4878 1071 4915 :
1100 4862 1192 4916 sed
1218 4877 1335 4916 cum
1367 4864 1542 4917 carnis
1572 4864 1666 4918 ab-

131 4924 375 5000 iecerimus
417 4933 718 4995 sarcinam,
745 4924 890 4987 'tunc
930 4931 1158 5000 Spiritus
1203 4943 1418 4986 sanctus
1470 4935 1665 4988 tribuet

137 4999 324 5070 nobisin
349 5003 655 5057 cmlestibus
683 4999 1011 5056 mansionem
1035 5043 1050 5068 ,
1079 5002 1163 5056 cui
1210 5017 1307 5055 nos
1348 5003 1502 5070 paulo
1540 5013 1663 5058 ante

139 5065 239 5123 intra
278 5072 513 5142 cerporis
557 5074 720 5142 nostri
767 5065 1047 5142 hospitium
1098 5065 1391 5142 feceramus
1436 5074 1664 5127 mansio-

139 5151 225 5191 nem
248 5158 260 5195 :
285 5151 336 5196 et
356 5141 458 5196 ἰξειί
481 5141 879 5211 gaudentesque
900 5142 1055 5196 futuri
1074 5141 1257 5211 judicii
1291 5141 1429 5196 diem
1477 5157 1664 5211 cxspe«

141 5211 355 5282 dabimus
377 5253 392 5278 ,
423 5213 474 5265 in
503 5227 610 5281 quo
632 5212 954 5280 singulorum
981 5213 1170 5265 animm
1199 5227 1294 5282 pro
1313 5213 1422 5266 suis
1459 5213 1663 5266 actibus

142 5281 347 5348 recipient
375 5283 583 5335 merita.

181 5350 386 5406 CAPUT
434 5351 571 5405 XLI.
632 5350 788 5404 Pinna
835 5350 1256 5406 damnandorum.
1288 5352 1353 5405 Et
1417 5366 1447 5404 e
1481 5361 1663 5406 contra

140 5424 399 5475 Peccatores
419 5431 474 5475 et
495 5422 640 5488 impii
666 5422 1029 5490 paenitebnnt:
1061 5421 1152 5475 sed
1179 5421 1392 5475 frustra.
1427 5422 1663 5490 Rapaces

137 5495 165 5537 l'l
195 5493 362 5554 avari,
406 5491 622 5558 superbi
669 5501 722 5545 et
767 5491 1024 5557 adulleri,
1072 5492 1309 5546 iracundi
1356 5501 1412 5546 ct
1452 5493 1660 5560 cupidi,

127 5561 335 5616 maledici
359 5570 412 5617 et
433 5561 634 5631 pcrjuri
657 5563 985 5616 amarissime
1012 5561 1211 5616 flebunt
1239 5579 1250 5616 :
1282 5561 1373 5617 sed
1405 5562 1509 5616 mal
1527 5578 1661 5616 )l‘lllll

205 5701 281 5744 Its.
299 5694 422 5745 Colb.
441 5707 470 5743 a
491 5695 704 5744 secunda
729 5708 884 5757 tuane,
900 5695 1144 5759 jugulare.

1005 215 1327 331 unca-Inc
1369 269 1840 326 SALUTARIBUS
1882 269 2333 330 DOCUMENTIS.

3228 283 3270 336 lt
3292 281 3359 336 (εί).

1775 398 1994 460 suorum
2025 386 2233 439 veniam
2263 403 2365 440 non
2392 401 2804 460 consequentur.
2845 393 2900 448 In
2942 394 3081 450 luctu
3122 400 3355 454 maximo

1775 453 2149 534 detinebantur
2169 472 2354 510 omnes
2375 498 2389 521 ,
2416 461 2504 528 qui
2531 453 2706 534 carnis
2732 478 2840 517 sua:
2865 465 3162 534 voluptates
3188 453 3353 524 secuti

1775 533 1898 604 sunt
1928 542 1941 578 :
1975 525 2024 577 in
2069 541 2300 607 maerore
2344 538 2395 581 ct
2427 525 2626 607 gemitu
2665 525 3007 607 sempiterno
3029 545 3219 601 erunt,
3263 555 3352 607 qui

1776 593 1923 676 vit'iis.
1944 603 2000 676 et:
2028 597 2354 676 passionibtts
2383 593 2702 676 sejrvierunl.
2728 593 2796 676 Εἰ
2821 618 2940 658 cmn
2968 605 3018 658 hi
3045 593 3231 662 omnes
3256 593 3352 676 pro

1775 664 2085 746 criminibus
2109 667 2220 719 suis
2252 676 2305 719 et
2344 669 2632 746 sceleribus
2661 673 2917 746 gehennzn
2947 676 3153 742 ignibus
3183 664 3350 746 depu-

1773 733 1915 814 tandi
1943 745 2134 814 erunt;
2165 751 2262 789 nos
2287 777 2300 799 ,
2329 739 2372 790 si
2409 739 2513 814 Deo
2541 733 2744 814 dntn'in
2781 743 2879 797 hoc
2907 733 3131 814 corpore
3160 733 3346 803 sumus

1772 803 2126 882 placuerimus
2149 820 2311 882 ,_c_nm
2341 811 2538 861 sanctis
2571 813 2893 879 sempiterna
2940 803 3153 882 praemia
3189 835 3347 872 accc-

1772 874 1909 953 pttiri
1937 888 2139 929 smnus.
2170 875 2294 929 Ideo
2332 874 2737 953 contemnamus
2766 874 2956 953 cuncta
2985 900 3102 953 quae
3135 902 3263 941 vana
3295 899 3349 942 et

1773 942 2148 1024 caducasunt,
2183 955 2239 998 ut
2267 955 2462 1000 tantam
2490 950 2714 1018 gloriam
2739 991 2753 1015 ,
2776 950 2990 1007 Christo
3003 942 3301 1012 'miserantc
3326 999 3341 1024 ,

1770 1010 1987 1080 adipisci
2019 1029 2339 1073 mereamur.

1841 1081 2257 1165 QiPUTXbII.‘
2284 1085 2492 1157 Lingua:
2516 1089 2760 1165 custodia.
2789 1089 3121 1165 Declincmus
3135 1110 3346 1165 semper

1769 1164 1799 1203 a
1829 1152 1967 1204 vitiis
1987 1193 2002 1218 ,
2034 1163 2087 1206 et
2114 1155 2183 1231 ad_
2210 1152 2432 1210 virtutes
2462 1159 2760 1214 tendamus.
2804 1157 2882 1214 Ne
2915 1163 3167 1231 superflui
3219 1152 3339 1220 ser-

1771 1235 1954 1274 mones
1993 1224 2415 1300 proccdaut__ex_
2444 1243 2536 1281 ore
2583 1239 2804 1294 nostro;
2851 1224 3107 1300 quia'pro
3158 1236 3345 1293 otiosis

1773 1294 2123 1374 sermonibus
2163 1295 2415 1374 reddituri
2457 1311 2640 1374 sumus
2682 1294 2937 1354 rationem
2989 1294 3042 1355 in
3079 1303 3164 1358 die
3205 1306 3348 1374 judi-

1770 1360 1857 1413 cii.
1906 1361 2012 1438 Ncc
2060 1362 2125 1416 ad
2180 1365 2598 1420 maledicendum
2647 1384 2963 1438 quemquam
3022 1360 3341 1430 consuesci-

1769 1445 1890 1505 inus
1942 1432 2170 1505 linguam
2214 1446 2446 1488 nostram
2476 1476 2491 1502 ,
2545 1432 2676 1505 qua!
2702 1439 2766 1492 ad
2825 1432 3242 1500 benedicendum
3291 1455 3347 1500 et

1774 1499 2088 1571 laudandum
2119 1503 2281 1557 Deum
2312 1499 2487 1558 creata
2513 1499 2615 1560 est.
2645 1507 2752 1562 Nec
2776 1525 3187 1568 consuescamus
3214 1499 3343 1571 cmi;

1768 1569 2076 1641 sueiudines
2103 1574 2358 1640 pessimas
2389 1575 2441 1627 in
2468 1576 2609 1628 omni
2640 1585 2762 1632 actu
2789 1589 2970 1633 nostro
2989 1622 3004 1638 .
3045 1584 3156 1639 sive
3182 1569 3340 1641 etiam

1768 1639 2087 1722 cogitatione
2105 1639 2130 1695 7:
2152 1644 2278 1722 quia
2309 1645 2636 1699 consuetudo
2667 1663 2783 1714 qua:
2809 1649 3016 1722 longius
3042 1653 3197 1706 fuerit
3225 1639 3344 1722 pro;

1768 1715 1934 1786 tracta
1964 1713 2351 1786 etconfirmata
2377 1755 2392 1779 ,
2421 1731 2526 1769 non
2563 1713 2695 1770 cum
2726 1713 3102 1786 parvo—labore
3151 1713 3344 1780 vitatur

1766 1779 1848 1832 vel
1879 1781 2180 1847 expellitur.
2726 1779 2741 1786 ’
2869 1789 2871 1791 ’

1836 1848 2060 1930 CAPUT:
2105 1851 2354 1930 .XLll_l._
2399 1852 2752 1930 Compunctio.
2824 1856 3073 1930 Perfectio
3139 1880 3241 1917 non
3287 1866 3341 1920 in

1766 1919 1947 1999 annis,
1971 1921 2058 1999 sed
2099 1922 2160 1999 in
2197 1924 2396 1977 animis.
2431 1919 2633 1999 Simus
2656 1927 2708 1980 in
2742 1919 2948 1999 malitia
2996 1933 3240 1999 parvuli,
3287 1919 3340 1990 et

1765 1987 1862 2040 viri
1898 1989 2197 2064 perfectiin
2230 2008 2410 2064 sensu.
2446 1994 2499 2048 In
2530 1996 2840 2064 quibusdam
2871 2013 2968 2053 nos
2996 1987 3341 2060 exltibeainus

1765 2071 1922 2138 sengs
1941 2061 2028 2138 ,_iu
2051 2062 2362 2138 quibusdam
2377 2061 2632 2138 juvenes:
2655 2067 2774 2134 quia
2800 2069 3000 2136 parvuli
3020 2081 3101 2126 est
3122 2072 3303 2128 ludere
3321 2117 3336 2138 ,

1767 2129 1982 2194 perfecti
2009 2139 2182 2204 autem
2209 2129 2405 2201 lugere.
2432 2133 2564 2204 Nam
2609 2129 2841 2204 praesens
2884 2138 3053 2194 luctus
3097 2129 3333 2198 laetitiam

1764 2209 1981 2279 generat
2011 2201 2622 2279 sempiternam._Omne
2649 2216 2824 2279 autem
2864 2208 3118 2279 quidquid
3150 2212 3338 2266 immo-

1764 2266 2004 2320 deratum
2033 2266 2150 2332 est,
2183 2271 2585 2352 dissolutionem
2633 2275 2796 2329 efficit
2828 2266 3053 2352 animai,
3084 2290 3139 2335 et
3165 2285 3335 2352 negli-

1763 2347 1974 2403 gentem
2022 2354 2144 2412 erga
2195 2341 2286 2394 Dei
2325 2354 2588 2412 praecepta
2623 2363 2634 2397 :
2674 2360 2774 2400 nec
2810 2346 3000 2401 delicta
3039 2341 3143 2403 sua
3183 2341 3338 2408 facile

1766 2416 1939 2474 potest
1985 2407 2048 2486 ad
2089 2407 2396 2486 memoriam
2442 2407 2736 2486 revocare,
2786 2426 2838 2470 et
2885 2418 3204 2475 oblivisccns
3234 2407 3334 2486 ea,

1767 2492 1868 2528 non
1985 2478 2197 2556 instigat
2221 2480 2678 2556 adpmniientiam
2704 2478 2730 2556 ,7
2770 2495 2824 2556 et
2867 2487 2936 2540 ita
2979 2491 3227 2556 paulatim
3270 2478 3338 2549 ab

1764 2547 2010 2601 onmibns
2038 2549 2188 2602 bouis
2209 2547 2365 2604 cadit.
2389 2550 2602 2606 Nullum
2634 2553 2845 2608 habebit
2865 2547 3136 2612 accessum
3159 2547 3337 2616 cordis

1765 2618 2099 2683 compnnctio
2123 2660 2137 2684 ,
2170 2619 2253 2673 ubi
2287 2619 2480 2675 fuerint
2509 2623 2852 2678 immoderata
2891 2627 3017 2681 vitia
3055 2639 3109 2682 et
3141 2644 3336 2686 concu-

1766 2686 2034 2769 piscentiae
2062 2689 2232 2768 make.
2265 2689 2366 2769 Ubi
2389 2701 2564 2746 autem
2587 2693 2784 2769 fuerint
2812 2694 3062 2769 lacrymte
3085 2739 3100 2764 ,
3134 2699 3203 2753 ibi
3229 2704 3338 2769 splé

1764 2755 1968 2831 rituaiis
1990 2757 2129 2831 ignis
2154 2761 2497 2826 accenditur,
2530 2762 2619 2831 qui
2655 2771 2856 2818 secreta
2904 2755 3100 2822 mentis
3138 2755 3336 2825 illumi-

1765 2836 1874 2877 net.
1905 2825 2088 2880 Nullus
2113 2843 2209 2881 nos
2233 2831 2409 2884 s:eenli
2437 2825 2677 2910 amorab
2705 2849 2884 2910 amore
2922 2836 3118 2910 Christi
3157 2854 3338 2910 segrea

1764 2903 1852 2962 get
1871 2936 1895 2973 ,_
1915 2904 1968 2949 ct
1999 2905 2121 2973 tota:
2163 2901 2746 2973 nostrtc‘cogitationes
2786 2903 2850 2957 ad
2891 2908 3108 2973 praemia
3149 2901 3338 2967 futura:

1765 2965 1947 3032 patria:
1978 2967 2230 3036 tendant,
2273 2977 2327 3022 et
2362 2969 2430 3025 de
2470 2965 2778 3027 coelestibus
2824 2965 3162 3031 méditentur.
3209 2965 3335 3036 [huc

1765 3044 1842 3107 est
1870 3035 2034 3107 gloria
2068 3044 2152 3090 tua
2177 3077 2191 3098 ,
2226 3037 2339 3091 [nec
2381 3049 2462 3093 est
2500 3042 2751 3107 perfectio
2795 3057 2983 3098 cursus
3030 3035 3336 3106 certaminis

1767 3104 1861 3182 tui.
1894 3105 2164 3182 Perfectus
2195 3108 2334 3182 enim
2362 3104 2556 3162 dicitur
2581 3151 2594 3173 ,
2639 3126 2743 3182 non
2784 3113 2872 3180 qui
2917 3114 2968 3168 in
3009 3123 3193 3182 actate,
3240 3104 3336 3175 sed

1766 3175 1854 3242 qui
1896 3174 1949 3245 in
1996 3191 2154 3229 sensu
2204 3179 2464 3245 perfectus
2509 3188 2607 3232 est.
2641 3180 2749 3234 Nec
2796 3174 2886 3234 ulli
2925 3185 3142 3240 cuilibet
3181 3174 3338 3243 obest

1766 3243 1982 3317 puerilis
2008 3255 2136 3299 tetas
2161 3286 2174 3307 ,
2205 3243 2249 3300 si
2279 3245 2436 3317 fuerit
2461 3258 2636 3303 tuente
2662 3249 2929 3317 perfectus
2967 3271 2978 3306 :
3018 3271 3115 3310 nec
3153 3259 3338 3313 senilis

1766 3314 2002 3387 proderit
2031 3325 2194 3382 tetas,
2227 3317 2270 3370 si
2313 3316 2465 3372 fuerit
2507 3314 2753 3387 parvulus
2791 3335 2968 3375 sensu.
3004 3324 3132 3379 Nam
3158 3337 3212 3381 et
3238 3329 3338 3382 Da-

1766 3383 1850 3456 vid
1877 3399 2173 3456 cutnpner
2216 3396 2356 3441 esset
2407 3397 2459 3442 et
2507 3383 2804 3456 perfectus,
2855 3405 2949 3446 cor
2998 3404 3051 3449 et
3104 3406 3335 3453 mentem

1766 3452 1993 3535 habebat
2020 3452 2078 3535 ιιι
2103 3456 2323 3535 υὴοιιιιιιο
2347 3452 2578 3535 defixam
2599 3499 2614 3523 ,
2641 3469 2694 3514 et
2719 3460 2790 3514 ob
2817 3459 2917 3515 hoc
2941 3463 2989 3516 in
3021 3480 3197 3535 regem
3224 3467 3334 3522 ele-

1765 3530 1885 3604 ctus
1907 3535 2010 3578 est.
2040 3526 2104 3578 Et
2130 3525 2405 3604 Satileuni
2429 3529 2581 3604 senili
2614 3537 2771 3604 esset
2804 3539 2993 3604 aetate,
3035 3525 3156 3604 quia
3190 3537 3241 3590 in
3278 3553 3338 3592 se

1766 3593 2047 3675 malignam
2077 3596 2361 3675 nequitiam
2387 3597 2573 3675 habuit
2595 3598 2661 3654 de
2689 3601 2923 3675 culmine
2951 3593 3111 3675 regali
3150 3608 3337 3675 expula

1766 3678 1858 3716 sus
1885 3672 1967 3736 est
1992 3663 2045 3736 (Ι
2075 3663 2202 3736 Reg.
2229 3679 2358 3725 χιι).
2387 3668 2635 3722 Dominus
2663 3683 2790 3725 vero
2810 3680 2864 3725 et
2891 3663 3134 3728 Salvator
3158 3663 3338 3732 no'ster

1767 3747 1795 3784 a
1822 3734 2121 3814 scnieribu:
2144 3734 2465 3814 crucifigitur
2484 3777 2498 3800 ,
2531 3748 2584 3792 et
2607 3739 2873 3814 ingressus
2898 3741 3280 3814 Jerosolymam
3305 3762 3337 3802 a

1769 3804 2001 3871 parvulis
2022 3804 2366 3859 collaudatur.
2393 3808 2520 3860 Nam
2543 3817 2596 3863 et
2616 3804 2773 3863 arbor
2793 3811 2837 3864 si
2857 3804 3144 3868 multorum
3171 3830 3338 3870 anno-

1769 3888 1885 3926 rtnn
1919 3872 2075 3928 fuerit
2115 3875 2436 3930 infructuosa
2460 3918 2475 3942 ,
2526 3879 2825 3932 exciditur:
2877 3882 2922 3936 si
2961 3893 3135 3938 autem
3185 3885 3340 3941 fuerit

1769 3944 1972 4025 novella
2000 3955 2052 3997 et
2078 3943 2266 4025 fcrtiiis
2290 3988 2304 4011 ,
2338 3948 2532 4025 colitur
2550 3988 2564 4013 ,
2594 3958 2648 4025 ιιι
2679 3951 2844 4025 magis
2873 3954 3183 4020 ampliorem
3212 3972 3336 4025 pro-

1769 4011 1904 4090 ferat
1930 4012 2174 4090 fructum.
2204 4014 2454 4090 ldeo_has_
2492 4011 2864 4074 similitudines
2905 4011 3081 4090 pono,
3137 4011 3339 4081 ut'nec

1763 4082 2098 4160 juvenisnec
2129 4099 2292 4160 senex
2333 4087 2382 4139 in
2408 4086 2707 4160 domouna
2755 4089 2820 4143 de
2858 4082 3026 4146 salute
3069 4082 3207 4160 sua,
3253 4097 3338 4151 vel

1768 4154 1925 4232 etiamm
1955 4153 2021 4232 de
2051 4155 2300 4232 operibus
2338 4156 2746 4232 suis‘confidai;
2781 4159 2882 4232 sed
2927 4163 3012 4230 qui
3047 4153 3333 4232 gloriatur,

1767 4223 1819 4276 in
1850 4222 2067 4296 ρριιᾴιιρ
2096 4225 2382 4296 glorietur]
2406 4224 2423 4278 1
2453 4224 2570 4280 Cor.
2604 4242 2618 4279 I
2643 4267 2658 4292 ,
2690 4228 2749 4296 51
2781 4227 2825 4296 ).

1839 4292 2064 4366 CAPUT
2096 4282 2278 4366 XLIY.
2327 4282 2657 4366 ςὸιιιονιὶιιηί
2693 4282 2934 4351 bonorum
2985 4317 3192 4366 nutare,
3227 4319 3338 4356 ma-

1771 4360 1931 4433 lorum
1983 4364 2170 4433 fugere.
2227 4364 2586 4419 Perfectorum
2638 4374 2816 4420 autem
2854 4370 3082 4423 virorum
3113 4360 3334 4426 consor-

1771 4433 1842 4485 tio
1872 4431 2082 4507 fruere,
2102 4443 2154 4486 et
2179 4449 2207 4486 a
2235 4433 2410 4507 verbis
2428 4449 2610 4507 eorum
2633 4451 2701 4490 ne
2721 4445 2928 4492 avertas
2953 4456 3134 4494 aurem
3160 4451 3332 4507 tuam,

1769 4510 1822 4556 et
1871 4502 1922 4554 in
1962 4518 2143 4557 eorum
2189 4504 2412 4558 consilio
2453 4504 2746 4560 delectetur
2787 4507 2961 4560 anima
3002 4519 3130 4563 tua:
3178 4502 3335 4567 verba

1768 4572 1908 4648 enim
1941 4571 2062 4648 vitae
2091 4574 2692 4648 sunt_verba_hominum
2723 4576 2884 4648 Deum
2919 4580 3214 4635 timentium
3239 4624 3254 4648 ,
3284 4593 3338 4638 ot

1770 4641 2336 4714 incultunitas‘ianima:
2391 4645 2456 4698 iis
2501 4646 2589 4714 qui
2625 4661 2696 4714 ea
2748 4647 2972 4703 libenter
3018 4641 3252 4706 audiunt
3284 4662 3338 4706 et

1767 4711 2064 4786 attendunt.
2094 4711 2238 4786 Sicut
2261 4713 2338 4767 sol
2366 4711 2542 4786 oriens
2561 4713 2754 4784 effugat
2778 4717 3054 4786 caliginem
3080 4760 3095 4784 ,
3125 4721 3191 4773 ita
3215 4737 3337 4776 san-

1768 4790 1974 4857 c_to‘rum
2007 4781 2242 4836 doctrina
2263 4798 2300 4857 _a
2329 4783 2573 4857 sensibus
2604 4781 2808 4857 nostris,
2827 4781 3041 4857 ex'pellit
3069 4781 3334 4846 tenebras.

1769 4849 1955 4928 Evita_,
1983 4867 2163 4920 quaiso
2188 4893 2201 4915 ,
2221 4853 2367 4928 viros
2390 4855 2645 4928 superbos
2665 4897 2678 4919 ,
2705 4849 2916 4912 invidos
2932 4899 2946 4921 ,
2971 4858 3299 4915 detracturos
3321 4905 3334 4928 ,

1769 4920 2091 5000 mendaces,
2125 4922 2362 5000 pcrjuros
2385 4965 2400 4988 ,
2432 4920 2487 5000 et
2525 4925 2743 5000 salutem
2780 4920 2938 4980 suam
2970 4929 3297 5000 negligentes
3323 4920 3339 4994 ξ

1768 4990 1855 5070 qui
1886 4993 2077 5070 mortui
2119 4990 2242 5046 Sunt
2282 4993 2596 5070 virtuiibus,
2637 5003 2692 5049 et
2728 4996 2972 5070 liniantur
3111 4990 3339 5070 propriis

1767 5061 2124 5136 voluptatibus
2145 5103 2158 5125 ,
2195 5071 2252 5136 ιιι
2283 5063 2488 5136 gaudiis
2523 5075 2740 5119 careant
2778 5066 2988 5121 divinis.
3034 5061 3147 5124 Non
3181 5061 3336 5136 dico,

1768 5139 1823 5184 ut
1851 5131 1932 5185 vel
1959 5147 2119 5184 unum
2149 5133 2305 5186 talem
2331 5133 2382 5186 in
2427 5133 2587 5188 domo
2635 5144 2720 5188 tua
2765 5136 2996 5194 habeas:
3037 5140 3131 5193 sed
3175 5131 3339 5196 etiam

1768 5201 2084 5269 ubicumque
2129 5205 2256 5256 tales
2304 5218 2422 5257 esse
2467 5204 2738 5269 audieris,
2817 5205 2916 5261 bos
2966 5209 3158 5264 devita.
3208 5212 3339 5263 Cum

1767 5271 2026 5338 ejusmodi
2055 5271 2354 5326 hominibus
2380 5274 2519 5327 nulla
2549 5274 2640 5328 tibi
2671 5277 2976 5331 commixtio
3002 5278 3083 5332 vel
3111 5279 3334 5333 familia-

1769 5341 1896 5412 ritas
1940 5342 2047 5394 sit:
2098 5357 2194 5412 nec
2242 5343 2370 5398 velis
2413 5360 2531 5398 cum
2581 5346 2657 5398 eis
2704 5347 3085 5412 sermocinari;
3139 5350 3183 5403 si
3230 5365 3336 5403 non

1768 5411 1945 5464 valeas
1964 5452 1978 5473 ,
2013 5411 2234 5465 Domino
2257 5413 2542 5469 miserante
2565 5454 2580 5479 ,
2623 5429 2716 5468 eos
2755 5417 2823 5469 ab
2854 5431 3037 5471 errore
3063 5432 3159 5472 suo
3188 5435 3341 5471 revo-

1768 5493 1910 5534 care.
1942 5480 2071 5533 Nam
2098 5496 2241 5550 sa‘pe
2268 5497 2362 5556 per
2392 5499 2544 5538 ovem
2572 5499 2731 5556 unam
2759 5485 3052 5540 morbidam
3087 5489 3340 5556 polluitur

1770 5557 1909 5625 totus
1932 5565 2058 5625 grex
2091 5567 2105 5602 :
2138 5563 2190 5625 et_
2215 5553 2418 5625 medica
2449 5568 2572 5625 pars
2606 5554 2745 5625 fellis
2785 5571 3028 5625 magnum
3070 5553 3342 5610 dulcorem

1767 5619 1921 5672 vertit
1950 5621 1998 5673 in
2027 5619 2465 5677 amaritudinemf
2483 5623 2612 5676 Nam
2641 5624 2757 5676 talis
2783 5625 2825 5678 si
2857 5619 2905 5677 in
2943 5623 3121 5678 habitu
3163 5626 3344 5680 videa-

1772 5701 1853 5743 tur
1881 5692 1969 5744 tibi
1996 5694 2168 5750 clarus
2197 5712 2258 5751 ac
2287 5698 2474 5753 nobilis
2499 5739 2512 5762 ,
2544 5705 2595 5750 et
2623 5693 2794 5747 dulcia
2838 5693 2928 5748 tibi
2976 5695 3132 5750 verba
3162 5698 3343 5767 profe-
