3804 6358
127 330 241 391 1οη

132 449 254 512 dem,
280 448 327 501 in
365 443 578 515 vigiliis,
614 442 670 498 in
706 441 957 513 jejuuiis,
991 444 1040 497 in
1074 443 1403 498 orationibus
1425 452 1671 497 constan-

132 533 201 574 tcr
227 532 495 572 strenuam.
530 517 603 568 Da
633 516 801 568 etiam
832 516 880 568 in
914 515 1315 569 mansuetudine
1342 515 1670 567 moderatum

130 605 391 644 sermonem
422 628 437 651 ,
467 586 693 655 adipisci
723 587 1020 651 silentium;
1056 596 1112 639 ut
1155 589 1337 654 loquar
1376 585 1516 653 quod
1539 600 1671 638 con-

129 664 277 721 decet,
309 670 509 713 taceam
540 658 682 725 quod
716 658 855 726 loqui
884 674 988 710 non
1018 666 1225 726 oportet
1254 676 1265 710 :
1298 657 1380 710 vel
1414 655 1671 725 quidquid

126 750 176 784 cr
202 734 437 783 virtutum
487 729 745 781 fructibus
788 728 1027 781 conferre
1072 728 1392 795 dignaberis.
1445 728 1515 779 Da
1556 726 1672 781 sine

125 804 277 869 aliquo
306 815 487 853 errore
533 799 935 861 innnaculatam
968 799 1062 851 tibi
1111 813 1326 852 scrvare
1370 796 1524 851 fidem
1552 840 1565 859 ,
1620 806 1671 851 et

119 872 243 939 jma
274 871 423 924 fidem
450 869 605 936 digna
638 871 655 899 ‘
679 884 799 923 esse
838 885 996 937 Opera
1028 883 1143 922 mea
1176 887 1187 921 :
1216 878 1271 920 ut
1295 869 1448 922 fidem
1473 879 1669 922 rectam

122 959 261 1008 opere
282 956 447 1009 pravo
473 958 577 995 non
610 941 875 1008 polluant;
905 950 956 994 et
981 949 1031 993 te
1051 982 1064 1003 ,
1098 955 1253 1008 quem
1289 940 1423 993 bene
1448 940 1641 992 creden
1660 970 1673 978 ο

121 1014 177 1064 do
220 1013 501 1076 confiteor,
544 1012 681 1064 male
738 1011 966 1065 vivendo
1016 1026 1119 1063 non
1179 1010 1472 1079 denegem;
1527 1020 1578 1063 et
1622 1020 1671 1063 te

122 1100 251 1151 quem
278 1094 493 1135 strenua
530 1081 631 1135 (ξαρ
662 1097 857 1149 sequor
884 1092 1005 1134 actu
1029 1122 1039 1140 ,
1065 1081 1396 1147 negligentia:
1423 1082 1671 1146 cperilms

126 1172 202 1205 non
226 1152 513 1207 oﬁ‘endam.
550 1152 654 1205 Fac
702 1168 783 1204 me
816 1154 866 1205 in
908 1160 1089 1205 sancto
1117 1161 1518 1205 conversantem
1542 1166 1670 1220 pro-

123 1226 300 1291 posito,
369 1224 520 1290 sequi
571 1224 869 1291 justitiam,
935 1222 1155 1290 diligere
1207 1221 1666 1283 misericordiam,

118 1310 271 1347 amare
302 1296 609 1354 veritatem,
644 1294 871 1347 refutare
918 1293 1274 1352 mendacium,
1306 1292 1493 1344 falsum
1541 1292 1671 1343 nihil

116 1366 331 1416 meditari
355 1364 442 1416 vel
474 1364 652 1432 loqui;
685 1373 735 1416 te
764 1364 1124 1416 indesinenter
1147 1364 1354 1426 timere,
1390 1373 1439 1415 te
1470 1378 1669 1427 amare,

116 1446 149 1484 tt.-
173 1435 423 1502 diligere,
451 1445 537 1486 tua
570 1441 835 1501 prtecepta
867 1449 1100 1497 servare,
1144 1448 1323 1499 pacem
1351 1447 1470 1484 cum
1500 1433 1671 1485 omni-

113 1505 181 1555 bu~
211 1506 331 1557 sine
372 1504 503 1558 dolo
556 1504 786 1557 retinere
815 1506 855 1567 ³,
885 1504 1159 1557 discordes
1197 1504 1311 1556 sine
1338 1503 1672 1555 simulatione

106 1576 149 1625 ad
175 1576 529 1627 concordiam
551 1589 839 1643 provocare
857 1616 871 1639 ,
894 1575 1204 1626 charitatem
1228 1574 1432 1626 cunctis
1455 1574 1675 1626 insimu-

106 1644 241 1698 latam
274 1644 478 1699 offerre
514 1687 527 1707 ,
568 1646 768 1697 nullum
822 1644 1198 1701 scandalinarc,
1259 1644 1387 1697 nulli
1424 1662 1505 1696 me
1534 1660 1670 1710 pra:-

101 1714 241 1777 frrre,
279 1715 378 1768 sed
412 1716 658 1769 omnibus
685 1713 991 1769 inferiorem
1022 1714 1283 1781 judicare,
1308 1716 1666 1767 reverentiam

98 1798 129 1837 rt
164 1789 436 1839 li;.-rioretit
483 1802 584 1837 non
620 1794 834 1852 propter
862 1784 1101 1836 litum-em
1132 1793 1435 1852 potentum,
1480 1784 1572 1835 sed
1603 1785 1671 1837 ob

92 1858 419 1910 ditissimum
471 1855 762 1919 exhibere;
820 1856 1120 1907 senioribus
1179 1855 1577 1915 obedientiam,
1617 1865 1671 1909 et

90 1930 409 1980 claritatem
459 1927 749 1979 {naualibus
786 1924 977 1977 oll'erre
1003 1925 1057 1986 3;
1088 1926 1306 1993 gratiam
1358 1935 1671 1992 Opportuna:

86 1998 395 2051 illlrtjlltiltlS
417 1997 716 2066 junioribus
745 1995 1026 2047 ostendi-re
1054 1995 1093 2053 ’⁵,
1120 1996 1349 2048 fraterna
1372 2012 1533 2049 onera
1556 1997 1671 2049 sive

85 2083 154 2133 pci
176 2070 325 2121 ieula
358 2067 725 2135 mquanimiter
754 2068 1015 2119 sustinere
1048 2066 1089 2119 δε
1122 2068 1327 2119 cunczis
1366 2066 1521 2118 simul
1552 2082 1672 2133 pro-

81 2139 246 2190 tlesse
276 2180 291 2203 ,
349 2156 449 2189 non
492 2138 717 2199 obesse;
751 2136 880 2189 nulli
931 2152 1154 2196 nocere,
1208 2136 1332 2189 nulli
1362 2137 1666 2201 adversari,

81 2210 310 2262 nullqu
344 2208 667 2268 calumniari,
699 2207 823 2259 nulli
854 2206 1228 2258 olfendiculum
1264 2222 1459 2272 ponere
1484 2248 1497 2272 ,
1548 2208 1668 2259 nul-

85 2279 204 2329 lum
234 2279 487 2344 judicare,
524 2278 649 2330 nulli
678 2276 983 2339 detrahere,
1009 2277 1134 2328 nulli
1170 2277 1474 2344 injuriosam
1508 2292 1625 2331 esse
1652 2318 1667 2343 ,

80 2350 295 2401 nullius
357 2364 569 2415 carpere
613 2349 810 2412 vitam,
846 2347 1039 2399 nullius
1071 2348 1347 2412 explorare
1378 2348 1620 2401 semitam
1652 2365 1666 2411 ;

81 2420 173 2469 sed
210 2420 284 2473 de
317 2435 404 2471 me
432 2420 540 2486 ipsa
597 2427 794 2471 tantum
849 2432 965 2471 esse
998 2418 1273 2470 sollicitam
1304 2436 1316 2469 :
1348 2419 1546 2471 malum
1575 2434 1671 2485 pro

82 2491 227 2541 malo
258 2504 595 2556 nequaquam
621 2488 935 2555 rependere,
967 2488 1274 2553 injuriarum
1308 2504 1542 2541 mearum
1575 2504 1671 2541 nec

82 2576 389 2613 memorem
412 2575 531 2613 esse
559 2559 838 2621 ullatenus,
873 2574 969 2611 nec
1000 2559 1294 2621 vindicem;
1326 2559 1417 2611 sed
1448 2560 1497 2611 in
1526 2560 1671 2611 omni

86 2630 323 2683 bonitate
367 2642 622 2698 superare
647 2630 899 2681 malitiam
936 2628 1305 2682 :malediccnti
1343 2629 1670 2682 benedictio-

99 2717 211 2752 nem
240 2716 434 2769 parare
459 2743 473 2759 ,
504 2700 773 2752 inimicum
807 2708 861 2750 ut
887 2700 1116 2751 amicum
1161 2699 1401 2767 diligere,
1434 2701 1672 2753 convicia

112 2782 153 2823 et
178 2772 525 2824 contumelias
545 2769 885 2823 irascentium
913 2771 1196 2830 sustinere,
1222 2785 1326 2823 non
1355 2769 1669 2837 rependere,

114 2840 311 2908 injurias
358 2843 467 2895 cito
496 2840 733 2895 oblivisci
756 2880 771 2904 ,
800 2839 1048 2893 efferis-ori
1083 2855 1200 2892 meo
1242 2840 1516 2909 ignoscere
1542 2881 1554 2901 ,
1606 2840 1673 2893 ad

114 2914 297 2964 veniam
354 2911 752 2965 concedendam
786 2924 997 2977 semper
1028 2920 1263 2978 paratam
1315 2926 1469 2963 esse:
1503 2911 1675 2963 aliena

114 2996 202 3034 nec
242 2982 651 3047 concupiscere,
703 2994 800 3032 nec
852 2980 1135 3033 occasione
1163 2980 1398 3048 qualibet
1427 2982 1673 3041 auferre;

112 3067 209 3103 mea
240 3070 370 3106 vero
423 3068 529 3105 non
582 3050 897 3104 babentilms
944 3052 1358 3104 misericorditer
1403 3065 1675 3118 erogare:

111 3123 231 3187 apud
261 3140 348 3177 me
378 3131 596 3191 propter
622 3131 692 3183 te,
725 3123 813 3189 qui
843 3121 1115 3175 redemisti
1139 3137 1225 3175 mc
1253 3162 1265 3184 ,
1296 3121 1528 3173 retinere
1553 3136 1677 3191 csu-

112 3199 351 3256 rientem,
403 3203 456 3245 et
506 3192 698 3245 deinde
728 3192 981 3251 reticere,
1017 3192 1284 3245 sitientem
1333 3199 1535 3259 potare,
1586 3190 1680 3242 ho-

114 3264 282 3327 spitem
310 3264 589 3333 colligere,
616 3262 813 3315 nudum
846 3263 1077 3329 operire,
1111 3263 1323 3315 visitare
1350 3262 1673 3333 languidum,

112 3334 370 3401 requirere
397 3331 771 3396 carceratum,
805 3332 1071 3385 consolari
1102 3332 1304 3385 tristem
1333 3374 1346 3394 ,
1381 3331 1576 3385 afﬂicto
1628 3339 1681 3384 et

111 3404 292 3470 lugenti
344 3406 606 3471 compati,
636 3419 741 3456 non
784 3403 997 3456 habenti
1044 3402 1280 3469 prtebcre
1330 3403 1628 3455 necessaria
1662 3443 1675 3459 .

114 3474 296 3527 victum
340 3484 393 3529 et
442 3476 691 3528 vestitum
731 3473 971 3527 dividere
1024 3488 1144 3526 cum
1192 3486 1401 3540 egeno:
1431 3472 1680 3540 anipiecti

116 3543 422 3611 indigenam,
454 3545 639 3599 fovere
666 3544 1041 3608 domesticum,
1074 3558 1254 3595 amare
1292 3544 1627 3612 peregrinum
1661 3584 1674 3607 ,

121 3614 370 3683 redimere
391 3618 680 3683 captivum,
720 3615 991 3681 suscipere
1011 3613 1267 3667 advenam
1290 3655 1303 3677 ,
1339 3614 1471 3665 tueri
1506 3614 1680 3681 pupil-

113 3682 219 3735 lum
248 3695 299 3738 ct
322 3682 613 3756 orphanum
650 3728 662 3749 ,
692 3684 971 3756 suffragari
1017 3684 1189 3756 vidutc
1212 3725 1239 3756 ,_
1252 3684 1543 3756 subvenire
1582 3699 1679 3756 op-

107 3768 307 3876 presso,
352 3754 607 3825 prmstarc
636 3755 891 3808 auxilium
921 3754 1183 3820 desolato,
1212 3754 1547 3824 disrumpere
1572 3755 1683 3807 col-

126 3825 375 3876 iuationes
418 3826 705 3876 impietatis
740 3845 751 3876 :
786 3827 869 3876 vel
909 3839 1253 3876 oumcumuue
1295 3833 1680 3876 praeceptorum

126 3825 375 3895 igationes
418 3826 705 3897 impietatis
740 3845 751 3879 :
786 3827 869 3879 vel
909 3839 1253 3895 quazcumquc
1295 3833 1680 3894 praeceptorum

162 4004 178 4076 ξ
212 4011 289 4076 ξφα
319 4005 638 4076 curamus.
664 4004 877 4076 .dt'a'wm:
911 4064 939 4076 ..

160 4066 180 4094 ⁸
210 4067 293 4129 llic
314 4067 504 4115 additur
529 4068 576 4115 in
616 4064 775 4129 editis,
799 4064 1010 4116 subditos
1034 4078 1125 4114 non
1146 4064 1431 4129 apprimere,
1466 4077 1540 4115 me
1577 4078 1682 4129 pra:

105 4126 309 4190 cautibus
332 4136 631 4189 peccatorum
652 4126 904 4190 inspicere.

162 4188 182 4217 ⁸
213 4186 345 4258 aditi;
360 4190 558 4250 addunt,
579 4186 885 4300 frinc'ipilius
920 4194 965 4238 et
1001 4189 1304 4252 potestatibus
1339 4186 1610 4240 Christicolis
1631 4186 1682 4240 in

162 4249 227 4297 tto
248 4259 490 4300 reszstere.
524 4264 573 4300 se
635 4264 685 4300 ιη
707 4250 919 4300 ommbus
946 4250 1288 4300 obtcmnerare.

107 4249 227 4314 mitto
248 4250 490 4309 resistere,
524 4249 611 4301 sed
635 4250 685 4300 in
707 4249 919 4300 omnibus
946 4249 1288 4314 obteinperare.

165 4312 185 4375 ξ
218 4318 417 4361 Rursum
441 4314 519 4362 hic
543 4314 678 4369 editi,
704 4319 952 4375 pulcrum»
975 4312 1192 4375 rﬂ‘ectum
1212 4319 1494 4375 monstrare.

168 4374 187 4401 ³
216 4381 330 4437 tum
351 4376 497 4437 etiam
516 4376 671 4433 isthic,
696 4372 902 4437 (atticum
918 4372 1042 4424 velut
1057 4374 1266 4423 militum
1288 4388 1443 4425 meum
1461 4372 1679 4437 diligere,

111 4434 370 4491 proxuma):
394 4436 517 4486 sicut
539 4435 865 4496 utcutetipswn
884 4449 1065 4486 umore.

955 288 1326 387 Abuonrno
1367 326 2016 396 nisunseouuxrnu
2058 331 2499 391 THACTATUM.

3215 326 3351 391 1078
3396 307 3402 313 ’

1775 449 1983 496 tuorum
2014 443 2326 498 documenta
2373 445 2679 513 declarant,
2710 443 2988 514 diligenter
3014 442 3238 500 credere
3288 454 3346 500 et

1777 515 1979 578 audire,
2011 515 2257 569 ardenter
2292 516 2608 585 investigare
2631 559 2644 581 ,
2676 518 2967 587 prudenter
3004 516 3164 577 scire,
3194 515 3346 572 festi~

1775 596 1966 656 nanter
1993 601 2263 652 exercere,
2294 586 2660 642 desideranter
2682 586 2961 656 implere,
2992 598 3044 642 et
3073 602 3250 642 coram
3297 596 3346 643 te

1787 655 2039 729 lnnnilem
2062 672 2273 725 semper
2302 658 2531 712 existere
2565 680 2577 713 :
2609 668 2665 713 ut
2694 655 2925 729 surgam,
2958 673 3061 712 non
3094 658 3339 727 dejiciar'

1777 727 1983 795 erigar,
2032 744 2134 779 non
2165 728 2421 791 subruar;
2454 730 2734 783 ascendam
2762 772 2775 791 ,
2797 727 2807 729 ἡ
2831 745 2934 783 non
2974 729 3291 784 descendam
3327 747 3342 783 τ

1777 798 1896 869 quia
1927 812 2070 863 caro,
2095 813 2212 851 cum
2262 814 2363 867 qua
2390 798 2647 863 inhabito,
2680 816 2887 869 semper
2911 800 3108 854 ducere
3128 814 3214 855 me
3234 800 3344 853 νυιὶ

1777 866 1843 920 ad
1867 878 2174 935 peceatum;
2206 866 2408 923 mecum
2438 871 2551 925 vult
2574 866 2852 936 coronari,
2884 871 2977 925 sed
2996 886 3099 925 non
3127 885 3340 926 mecum

1777 937 2067 1011 decertare.
2100 939 2307 1011 Nullum
2326 940 2556 1009 peiorem
2580 941 2750 1011 patior
2771 941 2973 995 hostem
2995 981 3008 1005 ,
3040 954 3193 1009 quam
3222 957 3337 993 cor—

1779 1024 1874 1075 pns
1912 1010 1961 1061 in
2016 1025 2120 1078 quo
2152 1009 2408 1063 inbabito.
2442 1012 2535 1065 list
2564 1009 2702 1064 enim
2744 1012 2891 1078 quasi
2922 1011 3006 1065 lco
3057 1011 3341 1064 subversor

1778 1079 1828 1131 in
1859 1079 2016 1133 domo
2048 1095 2183 1143 mea,
2222 1082 2451 1145 undique
2493 1098 2576 1136 me
2624 1082 2874 1150 pestifero
2924 1097 3103 1135 morsu
3148 1080 3337 1134 dilace-

1778 1150 1943 1222 rando
1964 1166 2301 1222 consumens.
2331 1151 2453 1206 ldeo
2482 1153 2633 1222 longa
2669 1153 2882 1207 trahens
2908 1151 3133 1221 su5piria
3155 1151 3333 1205 clami~

1781 1221 1939 1271 tando
1976 1221 2144 1273 dicam
2176 1238 2187 1271 :
2224 1221 2415 1293 lnfrlia:
2436 1240 2522 1293 ego
2544 1221 2712 1285 homo,
2753 1225 2862 1293 quis
2903 1240 2980 1275 me
3019 1222 3341 1293 liberabitflc

1778 1306 1985 1361 corpore
2030 1294 2200 1345 mortis
2242 1291 2653 1361 Ιιιὶλιιδρϐνίιιὶιι
2716 1291 2828 1347 Dei.
2873 1296 2971 1347 l’er
3014 1291 3346 1361 quem‘tPer

1722 1388 1729 1390 τ
1778 1359 1953 1433 ἶΙ-ιιδιιηι
1978 1361 2227 1433 Christum
2257 1359 2528 1416 Dominum
2550 1376 2774 1417 nostrum
2792 1366 2970 1433 (Rom.
2995 1359 3088 1428 vit,
3111 1362 3203 1429 24,
3233 1360 3346 1427 95).

1779 1429 2110 1502 ll;ccivclim,
2142 1447 2174 1486 0
2204 1432 2324 1486 Jcsu
2375 1434 2613 1488 Salvator
2658 1429 2815 1499 bone,
2846 1435 3171 1502 Redemptor
3201 1434 3337 1501 opti-

1778 1516 1883 1561 me,
1918 1501 2029 1553 lucc
2060 1504 2215 1555 velim
2248 1520 2361 1570 qum
2391 1505 2494 1557 huc
2527 1520 2690 1572 usque
2716 1521 2854 1558 nunc
2880 1501 3224 1574 supplicando
3248 1505 3343 1557 dcc

1734 1600 1742 1605 -
1777 1580 1988 1643 precnta
2012 1588 2124 1625 sum
2153 1591 2165 1625 :
2194 1575 2305 1626 luce
2355 1584 2409 1627 et
2450 1576 2561 1628 hmo
2586 1575 2863 1643 deprecor,
2911 1576 3030 1643 quia
3064 1575 3342 1643 pretiosis‘

1780 1642 1916 1694 Simo
1955 1644 2211 1710 sanguine
2243 1654 2330 1697 ttto
2356 1645 2629 1713 redempta
2662 1661 2775 1698 sum
2806 1665 2817 1700 :
2851 1656 2903 1697 ut
2930 1642 3145 1714 propter
3172 1647 3346 1697 carnis

1777 1714 2169 1782 corruptionem
2196 1730 2302 1768 non
2326 1730 2532 1784 peream
2557 1718 2609 1768 in
2632 1726 2907 1778 aeternum,
2932 1730 3034 1768 non
3062 1716 3265 1768 veniam
3294 1717 3343 1767 in

1779 1793 2005 1835 mortem
2035 1787 2353 1848 secundam,
2386 1802 2553 1853 neque
2585 1786 2634 1838 in
2667 1795 2858 1839 terram
2886 1786 3190 1838 oblivionis.
3224 1785 3346 1838 ll;cc

1781 1868 1880 1905 vox
1902 1870 2017 1906 mea
2050 1856 2100 1907 in
2125 1856 2345 1909 auribus
2362 1855 2737 1909 misericordia:
2761 1864 2862 1908 tuac
2891 1863 3064 1919 sonet,
3095 1863 3151 1907 ut
3180 1864 3343 1916 tuam,

1778 1938 1884 1976 non
1917 1927 2091 1978 carnis
2121 1926 2306 1980 faciant
2350 1928 2672 1979 voluntatem
2696 1967 2709 1991 ,
2744 1936 2794 1979 et
2824 1927 2998 1979 omnis
3029 1940 3179 1979 mens
3227 1940 3345 1978 mea

1780 2000 1831 2046 te
1862 1994 2164 2056 meditetur,
2199 2006 2248 2049 te
2273 1996 2586 2062 delectetur,
2623 2006 2671 2050 te
2706 2008 2982 2063 sequatur,
3017 2006 3065 2049 te
3090 1998 3346 2049 cenlitca-

1779 2072 1885 2127 tur,
1910 2066 2030 2132 quia
2062 2067 2371 2119 redimendo
2404 2084 2485 2120 me
2514 2068 2567 2119 in
2596 2078 2849 2120 :eternum
2876 2067 3233 2120 t'nisericordia
3262 2075 3347 2119 tua

1779 2144 1879 2205 est,
1905 2145 1956 2187 ct
1987 2136 2037 2187 in
2077 2147 2161 2188 tua
2191 2137 2553 2190 misericordia
2608 2138 2771 2191 revixi
2820 2138 3020 2205 perdita
3066 2136 3296 2204 peccatis
3329 2137 3345 2167 ι

1778 2204 2150 2259 adolescentire
2182 2222 2333 2271 mea),
2365 2217 2417 2260 et
2435 2208 2515 2277 egi
2542 2204 2903 2274 paenitentiam
2929 2221 3105 2261 coram
3125 2216 3177 2259 te
3198 2209 3345 2275 :quia

1778 2277 2001 2327 servasti
2035 2278 2158 2328 mihi
2205 2287 2412 2344 tempus
2441 2279 2826 2341 conversionis,
2854 2293 2971 2346 qum
3002 2278 3349 2331 considerans

1779 2354 1995 2417 peccata
2018 2363 2132 2400 mea
2155 2357 2467 2416 comptmcta
2495 2364 2630 2410 sum,
2657 2359 2709 2403 et
2735 2358 2783 2401 te
2806 2347 3096 2414 ipsiiirattte
3122 2348 3203 2417 egi
3230 2363 3344 2415 pa:-

1777 2414 2052 2469 nitentiam
2084 2414 2363 2471 coramlte.
2391 2419 2659 2484 Laetajam
2691 2418 2813 2472 inde
2836 2418 2927 2471 tibi
2966 2435 3105 2471 nunc
3130 2414 3182 2472 et
3207 2414 3347 2471 sent-

1782 2501 1875 2552 per
1904 2487 2206 2540 innumeras
2240 2491 2434 2557 gratias
2464 2490 2638 2543 refero
2664 2508 2674 2541 :
2708 2490 2830 2557 quia
2863 2497 2919 2541 ιιι
2946 2489 3241 2542 invenirem
3270 2498 3338 2552 te,

1780 2564 1832 2607 tu
1868 2558 2009 2624 prius
2038 2560 2273 2626 quzesisti
2312 2575 2435 2623 me;
2470 2571 2524 2613 ut
2569 2561 2798 2613 redirem
2824 2558 2887 2613 ad
2920 2567 2992 2624 te,
3040 2566 3092 2612 tu
3129 2573 3350 2625 compu—

1779 2626 1905 2699 listi,
1938 2638 1992 2680 ut
2020 2630 2331 2682 verberarer
2351 2631 2371 2660 ’
2393 2639 2444 2683 tu
2474 2631 2610 2683 sicut
2633 2634 2744 2698 pius
2771 2640 2921 2699 pater
2948 2629 3223 2697 respexisti
3250 2647 3264 2693 ;
3298 2639 3353 2682 ut

1779 2698 2061 2780 epuliterer
2088 2740 2101 2763 ,
2159 2708 2644 2780 tu‘esoperatus';
2676 2710 2725 2753 ct
2758 2708 3355 2780 utﬁmerecognoscens

1783 2766 2107 2839 plangorem,
2134 2777 2187 2821 tu
2214 2766 2404 2823 dedisti
2431 2772 2579 2823 mihi.
2610 2771 2771 2835 Pone,
2818 2770 3058 2833 Domine,
3094 2766 3355 2839 laerymas

1783 2852 1929 2911 meas
1960 2838 2009 2890 in
2036 2851 2326 2911 conspectu
2350 2849 2438 2892 tuo
2472 2840 2640 2911 (Psal.
2672 2858 2753 2903 ιγ,
2790 2840 2869 2910 9),
2899 2850 2954 2895 et
2988 2838 3259 2907 perveniat
3288 2841 3353 2893 ad

1782 2915 1837 2959 te
1861 2908 1911 2959 in
1949 2910 2139 2961 collum
2169 2908 2632 2977 deprecatio'mea.
2671 2908 2890 2973 Adesto,
2918 2926 3123 2977 precor,
3156 2920 3209 2964 et
3230 2912 3356 2964 sub-

1787 2979 1906 3029 veni
1932 3020 1945 3040 ,
1979 2990 2135 3047 atque
2176 2980 2227 3032 in
2261 2982 2501 3034 manibus
2541 2982 2642 3033 tuis
2689 2980 3110 3035 commendatam
3141 2978 3231 3034 tibi
3274 2999 3359 3035 nte

1790 3047 1958 3115 ipsam
1983 3051 2209 3117 suscipe,
2244 3050 2475 3103 liberans
2505 3066 2589 3103 me
2628 3051 2693 3104 de
2720 3067 2811 3104 ore
2838 3052 3114 3104 saevissimi
3161 3051 3353 3104 draco-

1789 3118 1892 3181 nis,
1928 3127 1981 3171 et
2009 3120 2074 3171 de
2106 3135 2261 3171 manu
2302 3122 2619 3174 atrocissimi
2668 3120 2877 3174 inferni.
2926 3122 3057 3174 Cum
3090 3123 3358 3189 acceperis

1788 3204 1894 3251 me,
1919 3198 1972 3242 et
1992 3188 2201 3243 auferes
2226 3190 2291 3243 de
2314 3191 2487 3244 medio
2513 3192 2711 3244 umbra:
2740 3191 2924 3244 mortis
2950 3209 2961 3244 :
2994 3192 3099 3243 imo
3127 3188 3359 3245 dedoces

1788 3260 1839 3312 in
1871 3262 2113 3313 semitam
2151 3260 2312 3324 lucis,
2356 3262 2406 3314 in
2459 3262 2808 3314 clarissimam
2857 3261 3123 3329 regionem
3174 3262 3357 3314 viven-

1788 3330 1938 3383 tium.
1976 3331 2187 3384 Colloca
2231 3346 2314 3385 me
2354 3332 2404 3383 in
2451 3333 2615 3385 caulis
2670 3331 2945 3385 tutissimis
2980 3346 3199 3400 gregum
3244 3342 3361 3384 tuo-

1787 3416 1903 3454 rum
1928 3419 1939 3461 ;
1971 3402 2090 3469 quia
2116 3411 2168 3454 ttt
2190 3417 2248 3455 es
2276 3410 2454 3469 pastor
2482 3403 2672 3464 bonus,
2704 3401 2792 3470 qui
2821 3402 3045 3470 requiris
3073 3412 3127 3456 ct
3147 3401 3359 3457 reducis

1787 3472 2013 3540 perdita,
2051 3472 2213 3525 tueris
2240 3482 2294 3526 et
2323 3473 2495 3526 salvas
2529 3475 2741 3526 inventa
2765 3514 2780 3537 ,
2809 3472 2954 3527 foves
2983 3480 3038 3525 et
3063 3488 3222 3526 sanas
3245 3473 3348 3526 lan-

1787 3543 2021 3610 guentia.
2050 3543 2115 3595 Et
2148 3553 2199 3595 tu
2232 3558 2290 3597 es
2330 3544 2602 3598 ntiscriors
2635 3544 2887 3597 Dominus
2911 3586 2926 3610 ,
2967 3544 3053 3611 qui
3082 3552 3359 3611 sperantes

1789 3613 1841 3665 in
1875 3621 1924 3666 te
1950 3628 2055 3666 non
2088 3614 2385 3679 confundis,
2417 3615 2749 3682 requirentes
2778 3623 2829 3669 te
2869 3630 2972 3667 non
2998 3613 3322 3683 derelinquis
3343 3653 3360 3680 ,

1788 3691 2117 3737 revertentes
2149 3684 2214 3735 ad
2256 3694 2305 3736 te
2335 3701 2439 3737 non
2468 3686 2710 3753 respuis;
2738 3684 2829 3738 sed
2862 3684 3147 3740 exultando
3172 3695 3227 3739 et
3254 3685 3356 3738 lau-

1789 3753 1964 3807 dando
1993 3755 2236 3822 suscipis,
2268 3764 2426 3824 atque
2451 3757 2502 3808 in
2532 3764 2729 3809 acterna
2755 3755 3080 3809 beatitudine
3104 3771 3205 3809 una
3233 3770 3356 3809 cum

1788 3826 1987 3878 sanctis
2028 3835 2081 3879 et
2116 3826 2299 3879 electis
2340 3826 2442 3879 tuis
2463 3827 2791 3880 tuternaliter
2824 3841 3045 3895 regnare
3074 3826 3323 3882 concedis
3356 3869 3363 3879 .

1788 3896 1909 3966 quia
1941 3904 2021 3949 est
2052 3895 2142 3949 tibi
2173 3911 2290 3950 cum
2315 3906 2518 3951 aeterno
2548 3897 2708 3951 Patre
2735 3905 2790 3951 et
2822 3897 3020 3966 Spiritu
3047 3907 3233 3952 sancto
3256 3912 3355 3951 una

1788 3964 1982 4028 deitas,
2014 3967 2203 4036 gloria,
2227 3968 2413 4034 virtus,
2448 3968 2727 4036 imperium
2755 3978 2809 4023 et
2829 3964 3068 4037 potestas
3092 3968 3146 4022 in
3168 3967 3359 4023 sarcula

1789 4037 2126 4091 saeculorum.
2151 4040 2340 4092 Anien.

1855 4316 1872 4345 ί
1906 4314 2023 4383 tfditi
2047 4320 2098 4363 et
2120 4322 2198 4363 MS.
2228 4315 2364 4383 \’ict.,
2391 4313 2543 4363 revixi
2565 4312 2772 4383 perdita.
2794 4320 2840 4364 et
2861 4314 3059 4364 surrexi
3082 4328 3113 4363 a
3148 4317 3367 4377 mortuis,

1789 4382 2011 4437 quoniam
2032 4382 2290 4439 scgt‘cgastt
2311 4388 2386 4424 me
2406 4390 2435 4423 α
2460 4382 2683 4437 peccatis.

1853 4440 1872 4468 ³
1904 4443 1972 4485 tta
1994 4444 2098 4486 Mss.
2122 4438 2179 4485 at
2202 4438 2335 4496 editi,
2352 4449 2558 4486 vererer.

150 4676 156 4692 τ
194 4617 339 4692 filim
362 4620 540 4667 Erasmi
553 4622 607 4692 in
630 4621 881 4692 superiore
906 4620 1029 4692 libro
1052 4623 1211 4671 minus
1228 4622 1451 4673 dissentit
1472 4635 1501 4673 a
1525 4630 1651 4686 Mss,
1685 4635 1847 4688 neque
1871 4622 1948 4673 hic
1970 4624 2236 4675 indicantur
2259 4637 2285 4675 a
2304 4625 2445 4675 nobis
2467 4624 2708 4676 editiones
2728 4624 2833 4675 alia:
2850 4638 2992 4690 quam
3012 4641 3122 4692 qua:
3140 4642 3205 4680 ex
3230 4636 3372 4681 Lova-

115 4683 341 4728 mensium
364 4683 701 4743 recognitione
724 4683 1020 4744 prodierunt.

116 4870 3356 4919 .__________________________________ﬂ________________________________________________________

860 5039 1314 5101 ADMONITIO
1357 5041 1437 5101 IN
1466 5010 2090 5119 SUllSEQUENTEM
2133 5043 2646 5109 TRACTATUM.

197 5228 324 5285 inter
343 5231 595 5303 Cypriani
625 5246 836 5300 quoque
864 5248 1027 5301 opera
1055 5232 1296 5301 vulgatus
1315 5241 1397 5287 est
1423 5233 1524 5287 iste
1551 5241 1802 5288 tractatus
1822 5275 1836 5298 ,
1861 5233 2175 5288 auctoritate
2193 5244 2428 5289 veterum
2459 5236 2660 5306 aliquot
2682 5238 2959 5306 librorum,
2986 5255 3211 5309 quorum
3242 5247 3376 5295 tatsa

136 5322 454 5395 inscriptione
481 5325 695 5394 decepti
723 5333 845 5378 sunt
872 5327 1157 5395 scriptorcs
1185 5325 1406 5394 antiqui,
1434 5327 1521 5394 qui
1550 5342 1671 5379 eum
1699 5327 1913 5380 nomine
1940 5323 2186 5396 Cypriani
2210 5326 2390 5391 citant,
2426 5326 2589 5381 Jonas
2619 5330 3018 5385 Aurelianensis
3058 5332 3107 5386 in
3139 5331 3274 5387 libro
3332 5332 3393 5386 de

139 5412 442 5473 institutione
468 5417 638 5487 regia,
662 5430 779 5484 cap.
809 5417 859 5477 5.
879 5417 931 5471 in
961 5416 1229 5487 Spicilegii
1258 5425 1401 5471 tomo
1444 5417 1512 5482 5;
1557 5416 1666 5483 lvo,
1703 5418 1793 5474 lib.
1827 5418 1878 5481 8,
1912 5425 1965 5469 et
1989 5417 2272 5473 Gratianus
2301 5418 2394 5471 lib.
2436 5419 2507 5474 25
2533 5462 2546 5485 ,
2581 5430 2768 5490 qumst.
2800 5422 2855 5485 5,
2887 5437 3006 5490 cap.
3038 5421 3169 5476 Rex.
3201 5424 3354 5491 Augu
3374 5450 3393 5464 ς

140 5506 254 5560 stitio
286 5516 463 5564 autem
505 5508 789 5576 pauciores
834 5507 955 5563 Mss.
990 5509 1265 5575 tribuunt,
1323 5518 1379 5562 ut
1411 5509 1674 5563 recentior
1717 5510 1931 5578 quidam
1994 5509 2313 5565 Victorinus.
2360 5510 2611 5579 Ejusdem
2639 5516 2935 5581 argumenti
2985 5514 3178 5567 librum
3206 5513 3372 5568 edidit

148 5592 451 5666 Bincmarus,
485 5599 747 5652 latentem
776 5599 961 5665 adhuc,
996 5599 1090 5655 sed
1112 5600 1176 5655 ab
1206 5599 1307 5653 hoc
1350 5608 1575 5658 tractatu
1609 5599 1766 5670 longe
1806 5599 2160 5655 ditfercntem.
2195 5602 2347 5655 Patet
2385 5617 2448 5655 ex
2478 5603 2579 5655 illis
2603 5602 2670 5657 de
2705 5604 2817 5672 ipso
2840 5603 3123 5658 Flodoardi
3151 5604 3329 5659 verbis
3352 5648 3369 5673 ,

147 5686 216 5748 lib.
240 5694 301 5773 3,
332 5709 451 5765 cap.
486 5691 556 5750 18
581 5707 598 5747 :
633 5706 654 5741 ι
691 5689 910 5761 Scripsit
927 5693 1086 5750 etiam
1113 5692 1182 5749 ad
1229 5694 1625 5751 instructionem
1654 5693 1821 5763 ipsius
1844 5693 1982 5762 regis
2012 5692 2077 5748 de
2098 5692 2375 5750 duodecim
2404 5694 2672 5764 Abusivis,
2701 5704 3006 5751 sanctorum
3037 5695 3292 5767 colligens
3335 5702 3386 5755 ia
