3804 6358
170 295 279 359 tua
341 262 346 264 ’

173 413 294 470 debet
329 421 545 478 operam
589 405 754 470 dare,
797 403 1142 478 orationibus
1157 402 1554 478 impetuque
1577 399 1710 478 insi-

178 497 308 548 stere,
343 470 387 534 si
415 479 565 548 cupit
589 486 648 532 et
673 479 894 548 laqueos
911 484 966 529 et
987 472 1214 548 insidias
1227 471 1428 548 diaboli
1455 470 1714 548 insidian-

177 559 228 610 tis
253 543 506 615 evadere,
545 557 604 603 et
634 547 700 601 ad
727 543 988 616 promissa
1011 544 1322 616 virginitatis
1353 543 1568 612 praemia
1595 556 1718 616 per-

175 625 332 678 venire.
374 613 652 674 Doniinica
695 613 872 687 virgo,
913 613 1412 687 omnemfratrem,
1448 627 1607 682 quem
1636 613 1716 665 vi.

169 694 349 750 tandum
375 689 512 744 mala
535 689 676 743 fama
697 683 1076 751 commendat,
1105 685 1262 739 nimis
1287 683 1408 753 fuge
1429 723 1443 746 ,
1471 692 1525 736 et
1545 695 1716 752 quan-

166 775 254 818 tum
289 772 434 830 potes
452 803 468 825 ,
513 761 582 815 ab
605 774 671 812 eo
698 758 782 830 vel
811 757 879 811 ab
902 757 1019 825 ejus
1049 755 1304 830 conviviis
1331 765 1449 808 tuos
1465 765 1719 830 accessus

165 822 358 889 declina.
403 822 678 886 Dominica
727 829 876 898 virgo
919 822 1025 881 non
1070 827 1300 892 nesciat,
1345 839 1412 898 ex
1444 822 1720 898 convivali

164 903 395 971 colloquio
435 902 731 956 inolescere
761 894 994 952 libidinis
1022 897 1147 971 vitia
1171 939 1185 959 ,
1219 904 1274 971 et
1301 894 1587 971 exindead
1614 894 1721 947 for-

163 966 415 1030 nicationis
437 972 602 1025 veniri
631 980 864 1040 peccata.
897 969 1166 1040 Dominica
1189 967 1359 1040 virgo,
1385 975 1445 1040 ut
1465 966 1571 1020 cito
1594 979 1723 1018 con-

160 1047 384 1110 cludam,
429 1043 497 1096 ab
539 1036 787 1095 omnibus
830 1036 1574 1110 illecebrisgulaa'abstinens
1601 1049 1721 1092 esse

160 1119 327 1178 debet,
370 1109 426 1167 et
467 1127 627 1182 parco
665 1112 805 1164 victu
830 1111 913 1165 vel
943 1120 1068 1178 potu
1097 1109 1260 1164 debet
1288 1122 1424 1182 esse_
1432 1113 1682 1182 contenta
1702 1145 1718 1172 ,

159 1198 200 1240 et
243 1177 860 1238 honesta'taciturnitate
906 1177 1118 1249 semper
1155 1187 1362 1233 ornata.
1393 1177 1720 1231 Dominicam

161 1259 392 1324 virginem
425 1254 513 1307 Dei
545 1253 857 1324 beneﬁcium
880 1259 961 1306 est
991 1249 1402 1324 irascinescire,
1428 1259 1584 1324 nume
1609 1262 1724 1300 ma-

159 1319 571 1395 gis-“iracundiam
597 1323 878 1395 cohibere,
912 1321 1427 1395 cunctis‘benignam
1453 1319 1684 1395 existere
1705 1357 1721 1384 ,

159 1387 306 1450 oculis
348 1411 449 1449 non
487 1410 751 1454 annuere,
784 1393 909 1446 dolo
933 1402 987 1445 et
1016 1392 1212 1444 malitia
1241 1387 1473 1458 linguam
1505 1403 1611 1442 non
1643 1387 1722 1441 fa-

161 1470 377 1530 bricare,
425 1466 612 1518 alienae
655 1464 845 1518 domus
891 1471 1097 1516 secreta
1147 1476 1244 1515 nec
1290 1461 1588 1514 auscultare
1625 1473 1726 1512 nec

160 1537 368 1605 prodere
387 1579 402 1600 ,
424 1537 698 1589 avaritiam
728 1534 1176 1605 cupiditatemque
1202 1532 1383 1605 iugere
1405 1572 1416 1593 ,
1441 1530 1540 1605 sibi
1561 1530 1728 1605 depo-

157 1600 246 1661 sita
289 1623 392 1661 non
441 1621 668 1675 negare,
719 1606 768 1657 in
801 1600 990 1675 usuris
1030 1600 1306 1671 pecuniam
1349 1600 1724 1675 notrhabere,

158 1680 315 1732 sorori
359 1670 566 1747 culpam
611 1691 674 1730 ex
715 1674 874 1730 corde
919 1670 1217 1747 dimittere,
1261 1670 1729 1747 scandalumnulli

159 1765 412 1818 apponere
429 1741 463 1811 ,’
497 1747 758 1801 tribulatis
802 1745 1229 1818 consolationem
1267 1743 1537 1818 praebere,
1579 1741 1726 1795 inﬁr-

163 1814 414 1872 mantibus
451 1818 787 1880 ministrare,
833 1815 1134 1870 detrahenti
1185 1814 1332 1868 alteri
1365 1829 1471 1866 non
1499 1827 1729 1866 consen-

164 1891 280 1950 tire,
319 1889 407 1942 sed
429 1905 458 1939 a
489 1889 819 1942 detractione
846 1902 903 1940 se
930 1887 1137 1955 penitus
1167 1885 1456 1939 abstinere.
1488 1881 1730 1955 Domini-

163 1973 271 2014 cam
306 1960 555 2030 virginem
601 1959 653 2030 in
690 1958 913 2012 ecclesia
936 1954 1056 2011 cum
1073 1956 1464 2030 silentiostare
1492 1954 1690 2008 debere
1712 1993 1729 2020 ,

167 2039 218 2083 et
257 2026 547 2096 nihil'legis
591 2029 788 2082 docere
812 2071 826 2093 ,
864 2029 1179 2096 Apostolum
1219 2026 1340 2080 audi
1382 2027 1685 2096 loquentem
1717 2041 1731 2078 :

177 2101 396 2153 Mulieres
444 2094 492 2152 in
550 2100 758 2152 ecclesia
814 2094 1010 2151 taceant
1067 2115 1086 2152 :
1137 2107 1282 2166 turpe
1330 2106 1405 2150 est
1443 2094 1735 2148 mulieribus

181 2171 307 2238 loqui
334 2172 383 2238 in
402 2169 629 2222 ecclesiis.
660 2170 790 2223 ltem
817 2170 889 2223 ait
919 2186 929 2220 :
965 2169 1204 2222 Mulieres
1222 2165 1272 2238 in
1292 2167 1491 2220 silentio
1509 2165 1731 2238 discant.

185 2239 306 2292 ltem
328 2257 346 2292 :
366 2237 639 2293 illulieribus
661 2241 838 2293 docere
857 2256 958 2292 non
987 2237 1336 2308 permittoUd.
1365 2252 1476 2302 xw,
1505 2237 1574 2308 5’4
1586 2246 1630 2287 et
1644 2237 1734 2302 55;

185 2309 531 2364 lTim..n.llet
551 2311 662 2382 12).
687 2311 744 2364 Si
764 2326 892 2379 ergo
911 2309 1221 2382 mulieribus
1238 2306 1396 2382 turpe
1415 2317 1498 2362 est
1518 2306 1735 2382 docere,

178 2392 259 2432 aut
276 2384 322 2433 in
337 2382 547 2434 ecclesia
570 2377 734 2450 loqui;
749 2377 947 2450 quanto
961 2379 1417 2450 magisvirginibus
1433 2392 1565 2448 quas
1580 2377 1741 2450 casti-

181 2451 287 2504 tatis
311 2451 412 2505 Deo
439 2448 712 2521 promissa:
741 2448 868 2505 cura
905 2448 1264 2520 professioque
1307 2448 1739 2521 constringit,_ut

179 2536 258 2574 cas
277 2519 577 2590 niagisalim
608 2523 657 2575 in
681 2523 834 2576 bonis
859 2519 1110 2590 operibus
1136 2520 1442 2575 imitentur?
1469 2519 1738 2590 Dominica

181 2593 309 2660 virgo
337 2589 399 2647 ne
436 2593 564 2661 quid
608 2609 828 2662 pravum
870 2589 962 2646 aut
998 2591 1220 2646 scurrile
1249 2604 1338 2645 aut
1368 2589 1612 2662 simulate
1658 2589 1739 2640 lo—

181 2673 368 2729 quatur,
393 2674 445 2718 et
467 2661 626 2718 omne
657 2663 988 2718 mendacium
1021 2679 1086 2716 ex
1112 2677 1206 2716 ore
1247 2677 1344 2714 suo
1381 2661 1591 2729 penitus
1620 2671 1742 2729 era-

183 2731 320 2804 dicet.
351 2728 649 2804 Loquentes
681 2735 824 2788 enim
871 2733 1224 2804 mendacium,
1244 2728 1740 2804 Dominusperdet,

187 2815 229 2856 ut
253 2803 300 2857 in
319 2799 501 2873 quinto
531 2806 733 2873 psalmo
764 2805 948 2868 David,
976 2816 1030 2858 et
1065 2803 1349 2873 ejus-ﬁlius
1379 2804 1432 2856 in
1465 2801 1601 2873 libro
1633 2799 1739 2873 _Sa_-

185 2869 372 2941 pientiie
394 2869 550 2930 docet
572 2874 740 2943 (Paul.
770 2891 820 2939 v,
851 2875 912 2939 7;
944 2875 1073 2942 Sap.
1093 2869 1139 2939 ἰ,
1171 2873 1282 2943 ll).
1304 2872 1576 2926 Dominica
1591 2869 1745 2937 virgo

183 2955 404 3007 quantam
437 2947 594 3000 lidetn
635 2945 794 3000 debet
835 2946 888 2999 in
932 2945 1178 2999 omnibus
1205 2944 1500 3001 exhibere,
1539 2949 1743 2994 tantum

183 3025 346 3069 caveat
381 3017 560 3085 jurare
586 3034 600 3070 :
627 3016 694 3069 de
735 3015 818 3069 his
857 3030 975 3083 quae
1023 3013 1192 3081 egerit
1232 3023 1448 3085 propter
1467 3010 1744 3085 veritatem

183 3081 574 3140 conﬁrmandam
599 3081 899 3155 iuramenta
929 3085 1234 3155 persolvere
1260 3082 1355 3153 (ιι).
1389 3081 1462 3135 Ne
1495 3082 1545 3134 in
1565 3087 1746 3134 totum

183 3158 496 3227 autemnino
523 3153 668 3226 juret
691 3153 902 3227 (Matth.
932 3153 987 3220 v,
1030 3153 1141 3227 54),
1187 3154 1464 3227 Dominum
1495 3156 1749 3227 agnoscat

184 3226 226 3296 in
267 3219 547 3296 Evangelio
594 3219 1026 3296 prarinoneutem.
1081 3219 1555 3296 Dontinica__virgo
1606 3219 1747 3273 furta

182 3292 480 3365 {nudesque
511 3292 706 3360 facere,
738 3308 827 3350 aut
857 3295 988 3349 falsa
1019 3293 1319 3349 testimonia
1344 3292 1548 3365 dicere,_
1570 3300 1660 3343 aut
1685 3305 1748 3344 ea

181 3362 474 3422 facientibus
498 3367 800 3422 consentire
838 3376 1024 3421 caveat
1052 3383 1064 3417 :
1094 3365 1214 3434 quia
1259 3379 1322 3418 ea
1359 3362 1749 3434 ct')iiiniittentes

183 3436 352 3507 beatus
389 3439 586 3492 Paulus
631 3438 876 3507 objurgat
912 3437 953 3506 (1
995 3430 1125 3489 (ἐστί
1153 3450 1239 3507 v1,_
1273 3435 1337 3507 8;
1385 3434 1532 3507 Rom.
1567 3447 1604 3496 ι,
1634 3430 1746 3507 ’52)ἶ

189 3505 434 3563 Dominica
475 3511 626 3577 virgo
662 3501 1046 3562 matutinalibus
1088 3505 1384 3577 conviviis,
1416 3504 1610 3577 quibus
1647 3501 1749 3556 viri

195 3577 470 3644 miscentur,
504 3574 764 3634 interesse
789 3579 1020 3633 declinet
1043 3595 1056 3629 :
1078 3591 1145 3631 ne
1167 3574 1606 3646 concupiscentia:
1632 3587 1750 3640 pec-

188 3657 354 3719 catum
378 3666 547 3704 secum
580 3651 717 3704 inter
743 3649 926 3719 pocula
959 3647 1293 3718 loquentibus
1319 3644 1446 3719 viris
1481 3644 1746 3711 importet.

183 3716 440 3790 Dominica
463 3723 638 3790 virgo,
666 3716 849 3774 contra
877 3716 1066 3773 omnes
1086 3717 1467 3790 sonosmusica
1494 3726 1607 3769 arte
1627 3727 1754 3790 pro-

177 3786 329 3851 latos,
367 3785 763 3846 contra'cuncta
790 3792 994 3844 cantica
1029 3788 1324 3850 smcularia,
1359 3795 1544 3840 contra
1575 3785 1752 3838 omnia

177 3876 287 3924 qua:
326 3861 549 3918 dulciter
587 3862 916 3916 delectentur
955 3859 1158 3922 audire,
1206 3873 1364 3911 aures
1401 3866 1455 3910 et
1483 3871 1577 3910 cor
1607 3866 1751 3909 tuum

178 3931 430 3986 conclude
458 3952 472 3986 :
501 3950 569 3986 ne
594 3933 912 3986 diabolicmn
944 3930 1110 3984 melos
1140 3927 1337 3983 Christi
1364 3927 1430 3982 de
1455 3926 1617 3980 corde
1637 3926 1754 3995 ejus

176 3999 443 4068 abscindat
488 4017 746 4057 amorem.
793 4002 1064 4055 Dominica
1110 4000 1280 4068 virgo,
1327 3998 1557 4051 motibus
1599 3995 1753 4050 ﬁexi-

178 4067 374 4140 busque
400 4075 726 4138 saltantium,
747 4067 1226 4144 cymbalistriarum
1247 4069 1330 4123 vel
1361 4068 1753 4138 tympanistria-

179 4153 312 4214 rutn,
331 4146 672 4214 onmiumque
689 4142 920 4198 virilium
939 4142 1281 4214 ludicrarum,
1304 4149 1556 4209 quantum
1579 4145 1751 4214 potes,

180 4212 374 4267 vultum
414 4223 561 4268 tuum
587 4209 786 4269 'averte
819 4232 832 4268 :
863 4230 929 4266 ne
955 4211 1238 4282 cujuslibet
1267 4225 1449 4282 eorum
1478 4209 1757 4282 repent_ino

184 4285 370 4355 amoris
409 4287 516 4340 telo
556 4297 826 4355 percussa,
859 4277 1089 4354 graviter
1117 4282 1338 4355 incipias
1375 4281 1616 4355 interire.
1648 4277 1756 4332 Do-

186 4353 366 4410 minica
396 4357 544 4425 virgo
558 4348 672 4410 'non
706 4348 908 4409 tantum
940 4348 1307 4425 nesuperbiat
1331 4348 1642 4425 autlitiget,
1668 4364 1759 4402 ca-

188 4434 320 4488 leat;
350 4428 438 4481 sed
461 4420 621 4482 etiam
649 4443 676 4479 a
706 4420 1133 4492 superbientibus
1152 4432 1205 4477 et
1227 4420 1570 4492 litigantibus,
1595 4434 1761 4492 quan-

192 4498 288 4546 tum
318 4506 506 4563 potest,
540 4498 718 4565 procul
758 4488 1007 4552 abscedat
1040 4511 1051 4546 :
1083 4488 1330 4565 Superbia
1355 4505 1583 4565 namque
1623 4488 1760 4565 ρεαδ

196 4557 378 4629 mittit,
407 4557 680 4622 humilibus
705 4576 868 4619 autem
895 4566 980 4618 dat
1010 4557 1246 4634 gratiam,
1275 4557 1530 4634 Salomon
1552 4562 1603 4613 in
1632 4557 1763 4614 Pro-

201 4635 368 4692 verbiis
391 4641 589 4693 clamat
617 4638 796 4704 (Prov.
826 4649 980 4699 nix,
1011 4633 1126 4702 24).
1177 4633 1445 4704 Dominica
1487 4633 1642 4704 virgo
1655 4644 1761 4685 'nec

191 4709 440 4778 sermonis
459 4702 734 4778 jactatitia,
763 4724 859 4762 nec
871 4707 1094 4778 divitiis,
1128 4720 1226 4778 nec
1249 4703 1464 4774 generis
1487 4702 1763 4757 nobilitate

190 4785 239 4825 se
265 4776 419 4834 debet
460 4775 750 4843 extollere;
793 4777 886 4832 sed
923 4777 973 4830 in
1020 4775 1317 4830 humilitate
1356 4782 1410 4828 et
1452 4781 1764 4843 paupertate

189 4845 390 4911 Spiritus
403 4850 622 4905 Christo
642 4858 855 4916 accepta
883 4847 1041 4902 debet
1062 4843 1311 4915 quamdiu
1337 4844 1527 4916 vixerit
1557 4858 1756 4916 penna:

195 4928 324 4970 nere.
357 4921 411 4974 ln
439 4920 639 4988 judicio
657 4913 796 4973 enim
820 4919 911 4972 Dei
939 4931 1044 4970 non
1069 4913 1223 4981 tales,
1261 4914 1355 4988 sed
1388 4923 1538 4988 actus
1561 4913 1763 4982 proprii

196 4984 556 5053 Pensabun'mr,
589 5006 651 5043 ex
683 4990 872 5059 quibus
909 4988 1102 5058 singuli
1149 4985 1447 5059 mercedem
1478 4984 1764 5059 sicutges-

196 5070 377 5124 ierunt,
421 5077 528 5115 non
576 5054 717 5114 sicut
740 5061 843 5113 nati
885 5054 1028 5124 sunt,
1076 5057 1441 5127 reportabunt.
1490 5054 1764 5127 Dominica

197 5128 326 5202 Virgo
353 5133 556 5202 vigilias
581 5129 828 5185 funebres
857 5130 940 5202 vel
965 5123 1187 5202 caeteras
1214 5143 1331 5196 qua:
1354 5127 1406 5202 in
1434 5126 1651 5202 privatis
1671 5123 1766 5202 do-

199 5200 351 5255 mibus
371 5195 642 5267 eieniunt,
654 5203 810 5256 debet
824 5199 1075 5269 effugere,
1102 5198 1189 5253 ubi
1220 5195 1482 5269 praecipue
1511 5197 1628 5269 sine
1654 5195 1766 5269 dis-

199 5273 414 5330 cretione
468 5266 634 5328 sexus
650 5272 919 5327 connnixti
935 5266 1287 5326 conveniunt.
1322 5266 1594 5321 Dominica
1621 5267 1768 5335 virgo

202 5356 300 5406 quae
315 5344 605 5400 secundum
629 5343 869 5412 proprias
888 5343 1028 5396 vires
1047 5341 1189 5412 nulla
1207 5338 1455 5412 porrigit,
1470 5351 1574 5392 non
1586 5344 1770 5412 potest

204 5413 368 5469 ancilla
391 5415 486 5470 Dei
511 5415 591 5469 vel
617 5407 828 5470 dici—vel
860 5412 1027 5468 credi.
1061 5409 1187 5478 Sed,
1211 5407 1275 5464 ut
1313 5407 1543 5464 breviter
1569 5407 1763 5470 dicam,

205 5481 440 5542 dominica
490 5487 639 5556 virgo
682 5497 819 5556 quae
849 5483 1064 5553 pudoris
1107 5483 1190 5556 sui
1249 5479 1473 5536 Domino
1505 5478 1768 5556 promissi

207 5558 473 5612 custodiam
503 5549 936 5626 gerere-nititur,
985 5568 1084 5626 nec
1126 5554 1348 5626 incessu
1377 5549 1624 5614 notabili,
1669 5562 1768 5602 nec

210 5635 316 5680 nutu
335 5638 418 5682 aut
436 5623 582 5682 dicto
601 5627 766 5690 molli,
802 5641 899 5678 nec
919 5625 1185 5688 otiositate
1206 5623 1372 5688 verbi,
1404 5636 1502 5676 nec
1521 5635 1766 5691 corpore,

211 5712 294 5753 nec
317 5708 486 5754 mente
506 5698 664 5753 debet
688 5698 906 5751 omnino
934 5710 1168 5765 peccare.

261 5790 328 5858 (ι)
344 5790 539 5858 supple,
560 5793 715 5854 curet,
738 5793 823 5840 aut
835 5787 951 5854 qiud
960 5785 1136 5842 simile.

1081 271 1291 346 LlBER
1331 263 1886 345 ue‘soamifn‘m
1925 265 2012 344 Ei
2051 285 2460 346 casuram.

2265 182 2388 224 0"”

3262 291 3401 350 mo

2138 402 2222 484 ll_l.
2238 401 2536 484 Vindemia:
2562 405 2774 484 erimina
2798 405 2851 484 in
2865 405 3140 484 virginibus
3160 408 3236 462 vel
3264 409 3404 478 femi-

1822 471 2206 550 qis._Ebrietatis
2223 473 2356 550 mula
2367 471 3188 550 universimperstringuhturﬁur
3203 493 3233 531 a
3245 471 3404 532 sacer-

1823 543 2022 618 dotibus
2039 557 2245 618 exorsus
2257 543 2410 618 fuerit
2431 555 2621 618 auctor.
2638 546 2703 601 Et
2726 543 2970 618 quoniam
2986 565 3103 618 quae
3116 549 3402 604 admonen-

1823 614 1906 688 dis
1934 615 2237 688 virginibus
2251 617 2416 668 sacris
2445 616 2583 672 dicta
2609 614 2760 682 sunt,
2778 614 3058 674 credamus
3086 633 3245 688 posse
3285 619 3399 674 suf-

1825 682 2005 767 ﬁcere,
2029 682 2105 738 ex
2131 686 2324 767 quibus
2352 689 2632 767 praeceptis
2657 690 2830 767 etiam
2846 690 2936 767 Dei
2959 682 3232 767 servis_ve_l
3255 690 3406 767 laicis

1823 757 2028 836 cunctis
2045 757 2321 836 conveniat
2341 758 2626 836 observare
2649 777 2664 814 :
2678 759 2788 836 jam
2801 760 3055 836 debemus
3078 760 3144 836 ad
3165 763 3408 815 vinolen-

1824 827 1912 878 tite
1941 827 2161 880 crimina
2188 827 2549 882 enumeranda
2573 827 2770 884 venire.
2797 841 2850 884 ct
2877 831 3066 884 docere
3094 831 3402 886 ebrietatem

1826 898 2162 978 cuncta_vitia
2194 913 2465 978 superare.
2497 898 2630 978 ipsis
2657 902 2830 971 primo
2859 901 3410 978 virginibtts‘ebrietas

1826 968 2082 1040 castitatis
2105 969 2360 1040 promissa
2389 968 2611 1038 implere
2629 968 2734 1025 non
2761 968 3045 1040 permittit;
3069 972 3188 1040 quia
3212 983 3410 1026 sanctae

1828 1037 2195 1112 pollicitationi
2225 1040 2274 1091 in
2297 1037 2525 1112 utroque
2551 1056 2679 1094 sexu
2697 1037 2907 1096 inimica
2936 1037 3148 1112 semper
3171 1043 3406 1095 exstitit:

1828 1116 1884 1160 et
1921 1109 2038 1161 ideo
2067 1111 2295 1182 ebrietas
2317 1109 2509 1178 pudori
2553 1127 2734 1166 comes
2760 1128 2878 1167 esse
2919 1128 3022 1166 non
3053 1109 3250 1182 potest,
3286 1112 3407 1182 quia

1831 1181 2163 1251 peccastitas
2186 1180 2281 1234 fuit
2300 1182 2582 1251 aliquando
2599 1185 2742 1238 socia
2765 1180 3107 1238 temulentire.
3137 1180 3410 1237 Sobrietas

1831 1248 1882 1302 in
1916 1249 2123 1324 feminis
2150 1251 2216 1305 ad
2245 1248 2437 1324 terrain
2470 1253 2690 1323 deponit
2713 1265 2982 1324 aSpectum
3023 1272 3035 1306 :
3067 1253 3297 1324 ebrietas
3319 1267 3412 1305 au-

1831 1327 1937 1402 tem
1959 1322 2156 1402 amisso
2184 1323 2384 1392 pudore
2403 1321 2792 1402 inverecundus
2812 1325 2967 1402 erigit
2988 1321 3413 1402 vuitus.§o_bric-

1831 1399 1912 1444 tas
1938 1394 2078 1446 enim
2102 1408 2221 1446 cum
2244 1408 2451 1446 summa
2481 1395 2832 1463 trepidatione
2855 1394 3338 1463 irrcprehensibile,
3358 1403 3416 1448 et

1831 1475 1950 1542 cum
1985 1463 2199 1547 silentio
2233 1464 2584 1547 p‘ropiiiquum
2631 1466 2824 1519 emittit
2874 1463 3092 1520 verbum
3137 1483 3148 1517 :
3183 1465 3415 1547 ebrietas

1836 1533 2226 1600 impudoratum
2255 1533 2380 1590 facit
2409 1535 2618 1589 femina:
2660 1547 2711 1589 ct
2747 1551 3049 1600 sermorem
3095 1546 3147 1589 et
3185 1535 3410 1588 vultum.

1836 1599 1992 1657 Elicit
2021 1619 2247 1674 namque
2273 1614 2433 1675 atque
2458 1617 2738 1675 extorquet
2761 1599 2994 1661 lebrietas
3017 1605 3309 1671 infandam,
3339 1605 3420 1658 in-

1833 1675 2188 1728 verecundam
2241 1676 2308 1729 de
2352 1677 2599 1729 omnibus
2653 1692 2710 1731 se
2760 1677 3076 1731 habentibus
3133 1683 3418 1740 vocem,et

1834 1745 1918 1798 cui
1977 1746 2306 1814 subrepserit
2348 1761 2444 1815 per
2483 1739 2787 1800 aviditatem
2837 1748 3092 1801 nimietas
3151 1739 3417 1809 vini,nul-

1837 1815 1947 1868 lum
1996 1824 2171 1885 potest
2221 1818 2416 1871 habere
2463 1817 2669 1870 tacendi
2713 1817 2968 1887 pudorem
3000 1835 3011 1868 :
3039 1833 3102 1870 ex
3124 1825 3417 1887 quaternu-

1838 1884 2370 1941 lentia’membrorum
2394 1884 2736 1955 consequitur
2751 1884 3226 1942 inﬁnnitatemet
3245 1885 3315 1939 ita
3341 1884 3418 1951 ﬁt,

1837 1959 2062 2012 ulsicuti
2083 1960 2232 2013 navis
2251 1959 2557 2012 validissimi
2581 1959 2743 2013 maris
2769 1959 3013 2013 ﬂuctibus
3044 1957 3262 2027 scopulo
3287 1957 3420 2010 illisa

1838 2029 2248 2100 comminuitur;
2281 2028 2349 2082 ita
2378 2030 2588 2084 femina:
2621 2045 2814 2100 corpus
2837 2045 2898 2083 ac
2927 2045 3077 2082 mens
3103 2027 3423 2100 grandi__viui

1840 2099 2070 2168 procella
2116 2099 2250 2154 illisa
2275 2142 2290 2166 ,
2323 2100 2577 2154 membris
2620 2096 2868 2155 omnibus
2907 2096 3256 2168 dissolvatur.
3290 2096 3424 2168 Nam

1840 2167 1958 2239 qua:
1984 2171 2300 2225 naturaliter
2337 2171 2486 2224 ﬁrma
2545 2169 2708 2241 ﬁgere
2772 2187 2876 2225 non
2918 2179 3092 2241 potest
3137 2167 3426 2241 gradiendo

1841 2240 2060 2309 vestigia
2097 2258 2110 2306 ;
2141 2242 2409 2310 quomodo
2446 2239 2694 2297 incedere
2719 2239 2937 2307 valebit,
2968 2256 3086 2294 cum
3117 2241 3225 2293 vini
3265 2239 3424 2310 fuerit

1843 2311 2040 2380 ingenti
2075 2309 2302 2380 procella
2334 2327 2604 2380 percussa,
2635 2311 2960 2380 lapsabunda
2991 2313 3007 2342 ¹
3036 2325 3222 2382 gressu
3245 2324 3305 2382 ac
3333 2309 3416 2362 in.

1845 2395 2035 2444 nuens,
2061 2396 2272 2450 semper
2291 2383 2548 2436 contortis
2572 2384 2742 2437 oculis
2766 2380 3150 2452 resupina,'aut
3177 2380 3428 2452 inclinata

1843 2452 2087 2518 cervice,
2135 2452 2330 2524 famula
2377 2462 2594 2519 regente
2637 2450 2954 2524 petiisse-qua
2994 2450 3430 2524 deutemule‘ntke

1843 2537 1956 2594 suae
1982 2523 2137 2594 culpa
2164 2523 2187 2576 ?
2216 2523 2288 2577 lbi
2317 2517 2606 2594 sanitasiet
2635 2517 2759 2577 cura
2785 2517 2975 2577 domus
3002 2521 3144 2594 nulla
3171 2521 3264 2594 vel
3287 2517 3432 2594 fami

1847 2593 1931 2646 liae
1955 2589 2296 2663 gubernatio,
2328 2595 2505 2664 lingua
2529 2593 2825 2648 balbutiens
2851 2593 3111 2648 sermonis
3129 2590 3305 2646 ofﬁcio
3329 2589 3433 2664 pri-

1846 2653 2001 2716 vatur
2023 2703 2038 2730 ,
2063 2675 2154 2718 aut
2178 2665 2228 2718 in
2251 2653 2436 2719 vocem
2464 2679 2811 2735 prorumpere
2839 2665 3025 2718 volens
3043 2703 3058 2729 ,
3089 2678 3193 2735 no_n
3225 2653 3431 2735 tantum

1848 2747 1954 2788 non
1978 2735 2290 2804 intelligitur
2308 2777 2321 2800 ,
2351 2735 2444 2789 sed
2465 2731 2644 2790 'etiam
2684 2731 2752 2789 ab
2779 2735 3114 2789 audientibus
3139 2731 3431 2804 deridetur2

1850 2805 1947 2858 Est
1972 2799 2354 2860 autem'mente
2378 2807 2602 2859 alienata
2629 2848 2643 2871 ,
2673 2816 2724 2860 et
2753 2807 2832 2860 sui
2859 2806 3078 2859 omnino
3106 2801 3282 2858 nescia
3305 2844 3318 2866 ,
3349 2799 3435 2855 cui

1849 2876 2022 2930 cultus
2072 2877 2262 2945 capitis
2290 2876 2459 2945 vergit
2483 2876 2538 2929 in
2563 2884 2764 2945 partem
2787 2918 2801 2939 ,
2830 2885 2883 2930 et
2915 2874 3246 2945 seminudam
3285 2887 3436 2926 mon-

1851 2955 1985 2999 strat
2005 2943 2310 2999 videntibus
2332 2943 2618 3012 cervicem,
2647 2955 2702 3000 et
2727 2947 2871 2999 omni
2893 2962 2959 3000 ex
2988 2954 3135 3014 parte
3149 2943 3384 2998 demissa
3406 2957 3436 2996 a

1851 3015 2300 3085 conspicientibus
2329 3015 2694 3078 erubescitur,
2726 3025 2781 3068 et
2807 3015 2956 3085 quid
3002 3015 3144 3085 domi
3189 3023 3435 3082 geratur,

1851 3081 2079 3154 ignorat.
2109 3081 2448 3139 Periclitatur
2466 3087 2515 3137 in
2537 3085 2625 3138 tali
2647 3085 2766 3139 sine
2790 3081 2955 3138 dubio
2979 3083 3180 3154 pudor,
3201 3081 3256 3137 et
3279 3097 3438 3138 omne

1852 3165 2116 3210 secretmn
2137 3195 2152 3219 ,
2175 3155 2316 3225 quod
2354 3155 2615 3209 sobrietas
2658 3155 2710 3208 in
2738 3155 2947 3225 feminis
2971 3153 3234 3225 custodit,
3269 3162 3440 3207 temu-

1853 3226 2014 3280 lentia
2043 3223 2293 3296 publicat.
2337 3225 2468 3293 Quae
2492 3241 2614 3280 cum
2646 3225 2790 3280 humi
2814 3223 3260 3296 fueritvertigine
3287 3231 3437 3292 rapta

1855 3295 2095 3366 lectoque
2135 3307 2433 3366 prostrata,
2469 3297 2888 3351 circumcursare
2925 3295 3026 3350 sibi
3067 3303 3286 3349 cunctos
3311 3309 3443 3348 cou-

1855 3365 2021 3438 spicit
2040 3365 2267 3438 parietes
2293 3387 2305 3423 ε
2337 3367 2673 3437 culminaque
2705 3366 2896 3438 domus
2921 3367 2974 3421 in
3004 3366 3142 3438 imo,
3171 3374 3226 3420 et
3249 3365 3352 3420 ima
3385 3367 3440 3420 in

1855 3435 2019 3492 altum
2041 3435 2190 3510 putat
2215 3455 2334 3494 esse
2363 3435 2603 3508 porrecta
2625 3480 2640 3506 ,
2673 3447 2726 3493 et
2753 3437 2894 3492 velut
2920 3435 3128 3510 sepulta
3146 3451 3336 3490 somno
3361 3453 3440 3490 re-

1853 3508 2064 3580 cipiturl
2097 3510 2442 3579 Lectisternia
2469 3523 2598 3563 vero
2624 3525 2742 3579 quae
2768 3510 2835 3563 ab
2857 3508 3144 3580 infantibus
3168 3515 3443 3580 contume-

1856 3578 1939 3636 liis
1965 3578 2360 3644 deformantur,
2388 3597 2415 3633 a
2447 3578 2655 3635 cunctis
2680 3580 2889 3635 feminis
2927 3579 3008 3634 vel
3056 3578 3264 3634 ancillis
3289 3619 3302 3642 ,
3336 3591 3442 3632 non

1854 3655 1960 3720 jam
1984 3653 2206 3708 occultis
2227 3693 2240 3713 ,
2268 3651 2362 3707 sed
2390 3651 2692 3706 videntibus
2735 3651 3008 3706 cachinnis
3047 3650 3168 3704 talis
3209 3649 3443 3704 dominae

1859 3724 2165 3779 temnlentia
2193 3721 2484 3777 deridetur.
2517 3722 2605 3776 Sic
2650 3721 2824 3791 itaque
2856 3729 3161 3776 transeunte
3183 3731 3442 3791 tempore,

1853 3806 1911 3852 et
1938 3795 2210 3851 ebrietatis
2233 3795 2364 3847 vitio
2405 3789 2755 3862 permanente
2777 3834 2793 3859 ,
2819 3791 2887 3846 de
2925 3793 3039 3862 ejus
3083 3789 3246 3846 corde
3270 3791 3446 3845 omnis

1859 3867 2036 3924 evolat
2059 3867 2222 3920 timor
2250 3884 2262 3918 :
2294 3879 2390 3919 nec
2419 3866 2816 3933 corruptionem
2839 3903 2853 3926 ,
2882 3878 2980 3918 nec
3001 3873 3260 3918 terrorem
3298 3871 3445 3933 stupe

1859 3937 2186 4008 olijurgantis
2219 3937 2313 3989 viri
2344 3932 2698 4008 cogitat__,‘aut
2737 3934 2994 4002 vigorem.
3038 3933 3165 3988 lude
3207 3932 3448 4001 quotidie

1861 4005 2098 4078 neglecta
2145 4007 2334 4061 domus
2380 4021 2494 4078 per_
2529 4005 2772 4078 illapsum
2824 4014 3028 4074 tempus
3081 4011 3290 4078 ornatu
3321 4017 3448 4072 quo-

1859 4071 2059 4134 tidiano
2102 4079 2152 4131 in
2205 4071 2410 4131 tantum
2463 4071 2796 4139 destituitur,
2827 4083 2884 4128 ut
2933 4071 3145 4143 semper
3197 4073 3292 4125 sibi
3337 4071 3448 4125 ina-

1862 4152 1994 4206 ritus
2043 4157 2270 4203 mortem
2319 4154 2535 4216 emptet
2561 4187 2575 4210 ,
2618 4145 2770 4216 cujus
2826 4145 2973 4199 labor
3023 4143 3446 4216 gubernatiqu

1863 4221 1962 4276 sub
2007 4220 2095 4276 tali
2141 4218 2354 4273 domina
2403 4213 2640 4287 quotidie
2701 4213 3090 4287 minuitur,_et
3141 4214 3190 4266 in
3237 4213 3445 4287 lapsum

1864 4292 2025 4346 venit.
2072 4289 2184 4345 Non
2234 4299 2317 4360 est
2362 4282 2482 4342 cum
2526 4302 2626 4360 qua
2674 4285 2962 4360 quidpiam
2982 4285 3050 4340 de
3099 4297 3224 4337 cura
3257 4282 3448 4360 domus

1866 4361 2193 4426 conferatur,
2248 4357 2304 4413 ut
2348 4359 2399 4412 in
2446 4353 2637 4412 melius
2680 4353 2876 4425 aliquid
2913 4355 3227 4424 disponatur
3265 4371 3277 4405 ε
3323 4353 3448 4426 quia

1865 4434 2068 4488 scilicet
2098 4423 2280 4486 uxoris
2320 4441 2518 4483 nomen
2554 4423 2784 4492 tantum,
2813 4439 2916 4479 non
2957 4423 3142 4480 mores
3191 4423 3446 4478 ostendit.

1866 4504 2009 4559 Nihil
2034 4517 2094 4558 ea
2137 4501 2477 4571 disponente,
2524 4498 2784 4571 maritalis
2809 4495 3134 4571 quotidiana
3174 4508 3318 4571 cur_a_
3341 4507 3449 4571 non

1865 4576 1981 4629 sine
2012 4564 2243 4628 tristitia'
2264 4571 2548 4639 fatigatur;
2577 4569 2700 4638 quia
2743 4564 2884 4621 velut
2917 4566 3089 4639 juncti
3118 4565 3175 4636 in
3202 4564 3448 4619 vehiculo

1868 4647 2053 4709 b0ves,
2084 4644 2126 4698 si
2151 4655 2285 4697 unus
2309 4636 2490 4695 conari
2521 4636 2618 4693 sub
2640 4653 2802 4693 onere
2825 4644 3018 4709 cesset,
3040 4636 3264 4709 alterum
3292 4650 3455 4709 cona-

1871 4726 1955 4770 tus
2005 4704 2325 4784 disrumpet.
2374 4710 2675 4784 Vinolentia
2716 4710 2875 4779 igitur
2909 4707 3151 4784 dominas
3169 4704 3455 4784 subtractis

1871 4789 2107 4841 locorum
2136 4775 2397 4845 clavibus,
2424 4782 2603 4836 omnia
2634 4775 2904 4834 tentantur
2932 4796 2945 4831 :
2973 4778 3310 4832 cellar-iorem
3337 4775 3454 4842 ple-

1871 4857 2054 4912 nitudo
2074 4853 2226 4914 furtis
2251 4853 2486 4925 quotidie
2511 4851 2794 4925 servilibus
2818 4851 3076 4925 inanitur,
3096 4847 3453 4925 indisciplina-

1872 4939 2044 4999 latque
2089 4919 2299 4980 familiae
2338 4923 2660 4999 clamoribus
2707 4921 2904 4998 domus.
2934 4921 3107 4999 omnis
3149 4919 3453 4999 perstrepit.

1871 4989 2113 5054 Laniﬁcii
2137 5012 2264 5051 vero
2299 5005 2389 5049 aut
2417 4993 2710 5064 negligens,
2747 5002 2839 5064 aut
2867 4991 3030 5064 nulla,
3061 4989 3456 5064 autgabomina-

1873 5071 1994 5126 bilis
2019 5069 2248 5124 efﬁcitur
2275 5081 2423 5122 cura.
2451 5059 2730 5120 Tali'enim
2755 5063 2986 5117 domina:
3015 5061 3206 5116 ancilla
3245 5059 3461 5114 charior

1873 5151 2032 5211 atque
2057 5139 2334 5192 amabilior
2354 5139 2479 5202 erit,
2512 5151 2630 5211 qua:
2652 5135 2902 5205 capacius
2925 5132 3174 5204 poculum
3204 5143 3460 5207 porrexe-

1873 5207 1962 5278 rit,
1991 5221 2149 5281 quam
2171 5222 2536 5281 quzepensum
2566 5207 2832 5281 integrum
2861 5213 2984 5258 ante
3010 5215 3291 5281 vesperum
3322 5212 3456 5281 gssi-

1874 5268 2133 5352 gnaverit.
2159 5268 2401 5352 Catbinis
2424 5279 2564 5352 enim
2585 5268 2865 5352 aut'variis
2893 5268 3240 5352 persinis—que
3256 5268 3452 5352 colori:

1875 5347 1972 5409 bus
1997 5354 2050 5406 in
2077 5353 2219 5415 vino,
2247 5364 2354 5404 non
2376 5350 2427 5404 in
2453 5349 2668 5414 tunicis,
2689 5347 2983 5402 delectatur
3001 5361 3015 5397 :
3033 5351 3088 5397 et
3111 5349 3214 5394 non
3232 5347 3460 5393 vestium

1877 5423 2260 5486 faciendarum,
2319 5420 2412 5475 sed
2469 5420 2576 5473 vini
2629 5418 2822 5487 quaerit
2866 5416 3080 5488 aliatam
3129 5423 3458 5488 mensuram.

1877 5494 1989 5549 Non
2015 5493 2221 5556 tuendae
2250 5481 2511 5548 castitatis
2536 5481 2695 5544 causa
2715 5481 2849 5541 telas
2873 5485 2944 5556 ad
2973 5483 3255 5556 leniendum
3279 5481 3459 5556 erigit,

1877 5581 1994 5637 qua:
2020 5550 2174 5619 usum
2205 5562 2320 5616 tela:
2347 5561 2567 5637 oliinide
2587 5557 2754 5637 domo
2777 5571 2872 5626 per
2899 5553 3211 5637 ebrietatem
3233 5550 3414 5637 amisit
3447 5567 3462 5605 :

1876 5620 1931 5694 et
1960 5639 2094 5691 telas
2140 5649 2272 5705 quas
2318 5631 2525 5688 ancillis
2551 5620 2840 5684 ouantibus
2878 5623 3163 5691 subtraxit,
3195 5620 3455 5678 texendis

1948 5769 2410 5837 ‘Er.,lassabmda.
