3804 6358
445 314 579 372 1111

434 453 649 511 araneis
684 452 848 508 dedit.
890 451 1015 505 ilice
1039 465 1158 505 cum
1189 448 1336 503 cibos
1360 448 1523 517 capit,
1554 447 1643 503 vix
1683 445 2016 501 comedendo

438 525 788 581 semiunciam
821 521 971 592 panis
998 520 1229 589 attingit,
1258 528 1313 574 et
1344 518 1806 592 poculagdeinceps
1827 517 2017 571 absor-

433 597 555 662 bet,
605 604 659 649 et
707 587 984 662 propterea
1040 587 1452 662 pulmentorum
1482 590 1584 662 sibi
1638 587 2016 662 cataplasmata

434 658 643 736 quaerit.
668 658 793 719 Haec
806 658 1067 733 quamdiu
1095 661 1409 736 vigilaverit,
1440 660 1605 736 bibit:
1635 660 1793 736 aut__si
1823 658 2018 736 obdor:

434 728 634 801 mierit,
680 736 794 789 sitis
819 728 865 789 ei
918 728 1171 787 somnum
1212 732 1498 800 abrumpit.
1545 730 1648 785 Sed
1680 730 1851 783 adhuc
1890 728 2017 797 quid

433 808 726 862 immoror?
744 806 800 859 Si
823 806 1097 859 ebrietatis
1123 803 1342 857 voluero
1372 811 1563 856 cuncta
1591 801 1714 854 vitia
1741 816 2014 864 enarrare,

434 888 559 934 ante
580 893 665 931 me
686 886 893 945 tempus
919 872 1130 930 deficiet
1158 891 1171 927 :
1195 889 1315 928 cum
1340 875 1546 942 potiora
1570 873 1621 945 in
1642 871 2017 945 Ecclesiastico

436 949 741 1004 Salomonis
785 941 1014 1014 Spiritus
1053 954 1267 1000 sanctus
1307 941 1521 1007 clamet,
1571 944 1773 1014 dicens,
1828 941 2018 994 Mulier

431 1021 589 1083 ebria,
612 1020 690 1071 ira
718 1028 789 1072 est
806 1013 1009 1087 magna,
1027 1026 1073 1069 et
1099 1016 1401 1087 contumelia
1425 1024 1471 1087 et
1495 1013 1757 1087 turpitudo
1782 1013 1890 1081 ejus
1915 1029 2017 1087 non

430 1101 642 1161 legetur.
672 1089 742 1143 Et
770 1089 837 1161 de
867 1084 1093 1161 utroque
1132 1102 1285 1161 sexu,
1328 1085 1669 1161 Multos,_ait,
1709 1084 2019 1161 exterminia

429 1154 625 1215 vinum.
654 1162 721 1214 Et
767 1160 958 1213 iterum
990 1154 1372 1211 {Prudentium
1399 1156 1628 1209 absorbet
1673 1155 1905 1208 ebrietas.
1950 1154 2018 1207 Et

432 1232 628 1286 iterum
658 1249 671 1283 :
717 1229 897 1284 Vinum
921 1230 1139 1283 multum
1172 1238 1418 1296 palatum,
1449 1227 1759 1280 irritationes
1779 1233 1825 1277 et
1844 1225 1947 1296 iras
1972 1232 2018 1277 et

434 1304 611 1357 ruinas
658 1302 843 1355 multas
874 1301 1016 1370 facit.
1062 1295 1365 1353 Amaritudo
1396 1299 1582 1370 animm
1604 1298 1775 1370 vinum
1802 1295 2018 1348 multum

395 1428 403 1434 ,
434 1384 663 1443 potatum
692 1368 883 1443 (Eccli.
908 1386 1057 1443 xxvr,
1085 1371 1190 1443 il;
1224 1386 1382 1443 Axxjxr,
1406 1368 1497 1432 30,
1525 1368 1657 1422 58el
1684 1368 1796 1443 59).

503 1438 789 1511 Quare'ut
840 1446 998 1496 linem
1044 1441 1165 1494 libri
1214 1439 1425 1501 faciam,
1456 1438 1773 1511 summatim
1825 1445 2017 1492 cuncta

429 1508 803 1584 perstringam.
832 1514 934 1567 Per
960 1513 1149 1584 vinum
1170 1512 1311 1565 enim
1338 1509 1554 1584 castitas
1600 1508 1876 1563 submersa
1897 1517 2013 1584 est,

428 1579 482 1639 et
508 1579 747 1653 plurimae
774 1600 802 1636 a
832 1582 1238 1652 corruptoribus
1270 1582 1436 1636 turba:
1460 1580 1700 1653 deceptze
1724 1579 2016 1653 sunt._Vi_r—

428 1649 613 1725 gilium
645 1656 828 1710 multae
855 1649 1016 1709 etiam
1068 1653 1384 1725 impellente,
1422 1650 1575 1725 vino__
1601 1650 1736 1725 thori
1767 1649 2014 1719 genitalis

428 1722 627 1791 oblitae,
650 1727 958 1797 pudicitiam
987 1740 1138 1779 suam
1162 1722 1796 1797 adulteristradiderunt,
1817 1730 2015 1797 et_cum

426 1790 747 1851 tnmchis'de
776 1807 949 1849 morte
976 1802 1142 1863 pacta:
1164 1803 1289 1847 sunt
1312 1793 1641 1845 maritorum.
1660 1790 2016 1858 Quamplnres

428 1868 735 1937 impellente
756 1869 878 1920 vino
918 1866 1215 1937 praecipites
1246 1863 1611 1937 indecentibus
1653 1877 1711 1916 se
1740 1862 2016 1937 conventi-

428 1934 528 1991 bus
575 1939 878 2006 polluerunt
909 1934 927 1988 ξ
958 1944 1011 1989 et
1055 1936 1120 1989 de
1158 1935 1487 2006 genitoribus
1528 1942 1617 1987 aut
1644 1934 2012 2006 genitricibus,

426 2009 495 2062 de
524 2004 645 2063 fil—iis
692 2019 784 2062 aut
829 2008 1055 2071 ﬁliabus,
1087 2006 1153 2061 de
1186 2005 1441 2059 fratribus
1480 2014 1572 2057 aut
1599 2004 1891 2065 sororibus,
1948 2004 2015 2057 de

425 2082 637 2149 generis
659 2089 749 2133 aut
771 2080 1007 2141 nuribus,
1038 2093 1128 2142 per
1150 2075 1427 2149 nefandus,
1457 2075 1733 2149 utdictum
1762 2084 1862 2140 est,
1887 2090 2015 2149 con-

426 2146 638 2204 cubitus
683 2152 779 2203 sibi
810 2150 945 2202 lilios
982 2156 1297 2217 genuerunt.
1330 2146 1433 2199 Per
1474 2146 1821 2217 vinolentiam
1871 2146 2013 2217 enim

427 2221 643 2289 plurimi
675 2220 1020 2289 plurimaeque
1048 2236 1077 2271 a
1124 2229 1310 2271 sancto
1338 2218 1528 2289 pioque
1558 2216 1829 2289 proposito
1869 2216 2014 2268 exci-

427 2286 623 2346 derunt
650 2286 701 2344 et
726 2292 808 2345 sui
853 2286 1001 2343 obliti
1049 2289 1261 2342 amissis
1289 2287 1581 2341 honoribus
1631 2286 1891 2356 ignobiles
1923 2302 2011 2339 re-

424 2371 739 2415 manserunt
773 2380 785 2415 :
818 2371 870 2414 et
909 2360 1126 2413 sedibus
1174 2360 1360 2428 patriis
1406 2359 1634 2427 profugi,
1694 2358 1856 2409 vitam
1904 2372 2012 2428 non

430 2432 519 2485 ubi
549 2442 895 2501 sumpserunt
918 2426 1191 2484 finierunt:
1218 2431 1319 2484 Per
1349 2426 1451 2483 huc
1480 2431 1673 2497 quippe
1700 2428 1881 2501 vinum
1905 2426 2014 2478 for-

425 2510 507 2556 trs
541 2504 608 2557 ab
649 2498 872 2556 infirmis
898 2502 1012 2555 elisi
1050 2508 1193 2564 sunt,
1240 2510 1293 2553 et
1320 2501 1370 2553 in
1414 2509 1637 2551 mortem
1662 2498 2011 2568 quamplures

424 2572 535 2626 ictu
565 2574 810 2627 muliebri
844 2573 1091 2641 prostrati
1128 2588 1139 2623 :
1170 2581 1223 2626 et
1258 2571 1438 2624 invicti
1474 2570 1741 2641 exercitus
1770 2569 1896 2641 vino
1917 2568 2013 2641 do-

426 2644 667 2698 minante
694 2638 941 2697 exstincti
969 2651 1111 2707 sunt,
1141 2652 1196 2696 et
1223 2641 1638 2709 servitutisjugo
1665 2639 1890 2693 subacti.
1924 2638 2013 2692 ln-

423 2715 786 2783 numcrahiles
808 2715 991 2783 jugum
1008 2713 1384 2767 dominationis
1404 2712 1492 2765 diu
1511 2720 1839 2783 recusantes,
1859 2709 2012 2783 vino-

422 2782 588 2838 lentia
638 2785 692 2838 in
733 2780 965 2839 alienum
1017 2783 1221 2853 redegit
1273 2783 1571 2837 arbitrium.
1615 2780 2011 2853 consuetudine

842 309 1205 367 APPENDIX.
1265 307 1640 366 ADMONITIO
1676 306 1745 363 IN
1782 305 2017 364 LlBRUh

2123 306 2175 365 Ε
2212 306 2405 364 VERA
2442 306 2534 367 ET
2571 306 2797 367 FALSA
2823 308 3287 374 ΡίΕΝΙΤΕΝἸΊΑ.

3528 327 3632 385 1112

2125 445 2299 529 ferino
2326 455 2453 531 sunt
2479 446 2795 531 plerumque
2818 450 2978 506 dente
3004 456 3312 531 consumpti.
3339 456 3626 531 Quamplures

2124 518 2232 600 vini
2247 518 2631 600 immoderatus
2657 518 2907 600 eicessus
2935 539 3000 577 ex
3026 518 3271 600 divitibus
3291 518 3518 600 pauperes
3535 518 3626 591 red:

2124 588 2375 670 diditget.
2407 603 2627 670 egenos.
2684 591 2875 670 inﬁniti
2898 610 3175 670 _numero,_
3203 588 3319 650 vino
3363 588 3615 669 impellente

2126 658 2323 745 injusta
2363 650 2644 745 impiaun
2684 662 2964 717 homicidia
2986 650 3631 745 commiseruntaQiia—niplu:

2125 731 2276 811 rima;
2302 731 2462 785 urbes
2483 731 2573 785 diu
2595 732 2850 811 obsessm,
2882 748 2980 811 nec
2999 744 3199 811 captaa;
3228 731 3503 811 custodibus
3524 731 3633 801 sum.

2126 814 2197 881 no
2227 802 2460 881 vinoque
2504 802 2760 870 sepultis,
2803 804 2869 881 ab
2921 802 3157 860 hostibus
3185 808 3440 881 patefactae
3476 825 3633 872 suntet

2126 872 2390 946 i_ncendiis
2412 883 2788 946 concrematse.
2820 875 2957 930 Sunt
2978 872 3309 946 quoque'alia
3340 882 3481 937 multa
3504 885 3638 942 nefan-

2124 940 2193 1023 da
2228 945 2601 1023 et_in_nume_ra,
2657 944 2850 1013 quibus
2882 940 3289 1015 per-ebrietatis
3309 951 3423 1005 vitia
3461 940 3634 1013 mundus

2124 1013 2226 1067 iste
2263 1014 2462 1069 dudum
2500 1013 2806 1084 frequenter
2837 1013 2921 1070 est
2956 1026 3194 1083 vexatus,
3213 1030 3263 1073 et
3285 1037 3414 1075 nunc
3438 1038 3634 1082 vexatur:

2123 1099 2349 1151 quarum
2392 1100 2570 1139 rerum
2606 1086 2649 1139 si
2680 1085 2747 1139 de
2782 1084 3065 1143 dominicis
3083 1090 3168 1144 vel
3194 1084 3507 1149 saecularibus
3530 1097 3635 1153 libris

2123 1155 2316 1241 vellem
2356 1156 2435 1241 ad
2477 1156 2683 1241 singula
2723 1159 2965 1241 eﬁxempla
3014 1174 3372 1241 personasque
3382 1180 3517 1241 ,_per
3545 1185 3636 1241 quas

2123 1236 2419 1308 [es-gesta:
2457 1234 2601 1308 Eunt,
2643 1226 2901 1297 proferre,
2939 1226 3228 1287 enormitas
3262 1226 3389 1287 libri
3410 1226 3635 1307 legentibus

2121 1293 2392 1351 fastidium
2421 1293 2655 1352 afferret.

2194 1366 2301 1449 lflos
2332 1377 2509 1449 tamen
2538 1370 2608 1449 in_
2625 1368 2729 1424 hoc
2761 1384 2925 1449 Opere
2947 1381 3233 1449 propterea
3258 1374 3575 1449 sacerdotibus
3601 1388 3635 1432 et

2122 1436 2298 1491 levitis
2326 1438 2774 1508 vituperationem
2800 1436 2969 1494 simul
3002 1436 3069 1497 et'
3092 1443 3455 1499 admonitionis
3482 1447 3631 1502 initium

2122 1510 2559 1589 feciinus,_ne_ab
2580 1512 2689 1589 hac
2711 1511 2999 1589 infer-tione
3020 1555 3035 1578 ,
3060 1528 3165 1582 qua
3193 1524 3403 1589 cunctos
3426 1515 3526 1569 huic
3548 1520 3632 1571 vit’o

2122 1578 2337 1650 deditos
2357 1579 2424 1633 de
2450 1580 2715 1635 dominica
2741 1578 3476 1650 Correptioneconfuadimus,
3497 1587 3632 1639 immu-

2122 1665 2228 1730 nes
2246 1649 2379 1703 forte
2404 1651 2627 1730 clericos
2647 1653 2849 1730 aut_Dei
2873 1649 3148 1730 ministros
3173 1654 3341 1710 facere
3361 1655 3631 1711 videremur:

2121 1721 2314 1801 quibus
2341 1725 2508 1801 magis
2531 1724 2799 1801 convenit,
2825 1734 2883 1801 u_t
2905 1725 3002 1801 qui
3019 1727 3271 1801 populum
3296 1741 3324 1778 a
3350 1728 3543 1801 diversis
3556 1730 3633 1781 cul-

2122 1792 2216 1864 pis
2234 1792 2505 1847 abstinere
2532 1793 2744 1851 docent.
2767 1810 2832 1847 ne
2856 1795 2906 1847 in
2936 1792 3153 1864 aliquod
3177 1798 3351 1849 vitium
3376 1809 3457 1850 aut
3477 1798 3631 1863 culpam

2122 1862 2350 1935 cadant,
2384 1874 2538 1917 cauta
2579 1864 2955 1919 observatione
3001 1862 3323 1933 provurent,
3350 1877 3397 1920 et
3441 1883 3517 1921 eos
3536 1862 3632 1935 iusta

2123 1933 2487 2002 increpatione
2516 1935 2803 2004 Apostolus
2827 1936 3074 2005 objurget
3094 1938 3275 1991 dicens
3298 1979 3312 2003 ,
3344 1933 3554 1990 distinet
3574 1956 3633 1989 au-

2121 2013 2219 2055 tem
2237 2045 2252 2069 ,
2281 2022 2311 2057 ο
2340 2005 2488 2078 homo
2510 2045 2525 2069 ,
2548 2006 2855 2078 quijudicas
2895 2024 2979 2078 cos
3008 2008 3099 2075 qui
3125 2010 3245 2061 talia
3270 2017 3415 2078 agunt
3440 2051 3452 2066 .
3479 2019 3516 2061 et
3548 2009 3632 2077 facit

2121 2091 2199 2147 ea,
2229 2077 2467 2144 quoniam
2493 2085 2545 2127 tu
2568 2075 2777 2145 effugies
2798 2077 3059 2147 judicium
3091 2078 3226 2131 Dei?
3247 2075 3367 2132 Item
3388 2096 3400 2131 :
3425 2079 3509 2144 Qui
3524 2075 3632 2129 alium

2121 2145 2289 2225 doces,
2322 2155 2367 2225 te
2394 2148 2561 2225 ipsum
2588 2164 2687 2199 non
2715 2145 2999 2225 doeicsiqni
3020 2150 3326 2225 abominaris
3346 2148 3467 2201 idola
3484 2190 3495 2209 ,
3522 2150 3633 2199 sacri-

2121 2216 2303 2289 legium
2330 2216 2458 2285 facis
2490 2216 2666 2285 (Rom.
2700 2234 2755 2282 u,
2789 2218 2842 2283 5,
2873 2217 2935 2271 21
2955 2229 3002 2271 et
3030 2218 3144 2289 2‘2)
3172 2238 3182 2271 :
3206 2228 3259 2273 et
3281 2231 3474 2282 ctetcra,
3498 2220 3632 2287 quibus

2120 2286 2294 2354 arguit
2318 2302 2410 2339 cos
2435 2290 2522 2356 qui
2549 2304 2577 2339 a
2604 2289 2745 2341 vitiis
2771 2330 2785 2351 ,
2814 2289 3008 2357 quibus
3037 2286 3350 2358 prohibent,
3376 2290 3464 2357 ipsi
3494 2286 3539 2342 se
3560 2305 3631 2341 non

2118 2358 2422 2429 abstinent;
2444 2368 2497 2411 et
2522 2359 2571 2410 in
2601 2374 2709 2427 quo
2730 2359 3126 2426 aliosjudicant
3148 2403 3162 2425 ,
3191 2376 3247 2414 se
3273 2362 3407 2429 ipsos
3439 2360 3630 2412 condem-

2119 2437 2266 2507 nant.
2299 2428 2473 2507 Quare
2500 2430 2746 2507 omnibus
2772 2430 2978 2507 clericis
3003 2432 3240 2507 _ct_laicis
3267 2428 3544 2507 in_diversis
3567 2430 3628 2480 bu-

2117 2499 2358 2565 jusmodi
2381 2499 2727 2568 dignitatibus
2745 2501 3048 2553 c0nstitutis
3073 2501 3213 2554 hunc
3231 2500 3631 2567 libellumfrequen-

2120 2568 2222 2621 tius
2265 2569 2612 2623 Iectitandum
2648 2570 2972 2625 suademus:
2999 2579 3063 2624 ut
3114 2588 3231 2625 cum
3275 2573 3489 2626 moribus
3526 2570 3631 2622 bonis

2117 2638 2502 2719 et.sobrietate
2544 2641 2653 2694 Deo
2675 2652 2858 2710 gratus
2882 2642 3001 2765 «huis
3038 2643 3354 2710 profecerit,
3400 2642 3458 2695 de
3500 2655 3629 2693 corre~

2118 2717 2306 2765 Dttone
2327 2720 2506 2764 nostra
2544 2711 2598 2764 in
2631 2712 2855 2765 Domino
2937 2728 3001 2765 eo
3026 2713 3184 2765 laetus
3206 2728 3404 2765 semper
3422 2711 3627 2765 exsultet.

2117 2711 2306 2778 ptione
2327 2720 2506 2764 nostra
2544 2711 2598 2764 in
2631 2712 2855 2766 Domino
2894 2711 3001 2766 Deo
3026 2713 3184 2767 laetus
3206 2728 3404 2780 semper
3422 2711 3627 2771 exsultet,

2116 2794 2280 2852 agens
2338 2781 2449 2835 Deo
2496 2782 2695 2852 gratias
2746 2798 2841 2852 per
2891 2782 3183 2837 Dominum
3236 2791 3457 2837 nostrum
3500 2780 3627 2833 Jesum

2116 2849 2393 2925 Christum
2422 2893 2437 2921 ,
2470 2849 2557 2908 cui
2581 2849 2762 2908 honor
2782 2861 2838 2909 et
2862 2854 3031 2925 gloria
3060 2855 3116 2910 in
3139 2854 3329 2910 saecula
3359 2853 3625 2907 saeculorum.

422 2855 531 2909 vini
558 2856 898 2924 quamplures
928 2856 979 2908 in
1003 2852 1261 2909 insaniam
1291 2862 1416 2910 sunt
1435 2852 1709 2917 conversi;
1734 2866 1795 2906 ac
1817 2852 2011 2906 mentis
2116 2852 2158 2903 C

422 2925 649 2976 durante
685 2926 888 2976 insania
928 2926 996 2976 ab
1047 2926 1276 2976 humana
1316 2922 1728 2976 conversatione
1748 2923 2002 2976 seiuncti.
2116 2920 2165 2976 Δ

422 2922 649 2981 durante
685 2922 888 2981 insania
928 2926 996 2980 ab
1046 2926 1277 2981 humana
1316 2922 1728 2981 conversatione
1748 2923 2002 2993 sejuncti,

866 3141 1323 3205 ADMONITIO
1365 3143 1449 3204 IN
1495 3142 1801 3205 LIBRUM
1841 3142 1949 3204 DE
1990 3143 2211 3206 VERA
2251 3144 2357 3206 ET
2399 3142 2662 3204 FALSA
2702 3142 3263 3209 POENITENTIA.
3349 3162 3353 3167 '

487 3278 652 3333 Totus
698 3279 811 3335 fere
860 3279 948 3333 hic
1002 3279 1135 3334 liber
1176 3293 1298 3334 cum
1335 3276 1551 3332 nomine
1599 3276 1879 3347 Augustini
1927 3276 1982 3331 in
2034 3278 2259 3332 Decreta
2309 3290 2407 3348 per
2449 3275 2875 3344 Gratianum,et
2911 3278 2965 3331 in
3001 3277 3311 3334 Sententias
3337 3292 3419 3348 per
3457 3276 3615 3331 Petrum

414 3370 774 3429 Lombardum
821 3372 1107 3427 translatus
1142 3380 1243 3427 est.
1276 3370 1536 3426 Eumdem
1566 3380 1750 3440 postea
1772 3370 2007 3426 citarunt
2049 3380 2103 3426 et
2145 3370 2447 3441 Augustino
2477 3371 2778 3426 tribuerunt
2820 3372 3008 3427 Petrus
3062 3373 3328 3430 Blesensis
3362 3374 3405 3426 in
3438 3368 3545 3425 libris
3569 3363 3617 3418 de

415 3464 767 3523 Confessione
805 3481 869 3523 ac
901 3466 967 3522 de
993 3466 1343 3533 Poenitenlia,
1376 3465 1689 3520 Vincentius
1718 3464 2107 3519 Bellovacensis
2135 3464 2189 3517 in
2218 3463 2449 3533 Speculo
2482 3464 2712 3531 morali,
2736 3465 2831 3519 lib.
2860 3466 2895 3519 5
2914 3507 2929 3531 ,
2959 3475 3119 3535 parte
3146 3468 3214 3524 10
3236 3510 3252 3535 ,
3281 3466 3389 3521 dist.
3412 3462 3489 3523 l2;
3508 3458 3622 3513 Tho-

414 3576 533 3616 mas
557 3562 797 3632 Aquinas
827 3561 879 3614 in
902 3560 1118 3615 Summa
1152 3558 1451 3628 theologica
1471 3598 1485 3622 ,
1511 3567 1564 3612 et
1588 3557 1678 3611 alii
1706 3557 1979 3626 deinceps.
2004 3555 2412 3625 Supposititium
2445 3566 2621 3610 tamen
2646 3555 2820 3610 credit
2846 3556 3180 3614 Trithemius
3209 3559 3299 3613 lib.
3325 3557 3385 3611 de
3405 3550 3627 3621 Scriptori-

413 3653 515 3709 bus
553 3652 927 3708 ecclesiasticis
954 3694 969 3718 ,
1001 3652 1238 3723 quoniam
1266 3691 1283 3717 ,
1313 3650 1388 3703 ait
1413 3690 1431 3717 ,
1459 3650 1624 3719 capite
1650 3649 1716 3702 17
1751 3648 2065 3717 Augustinus
2092 3648 2200 3718 ipse
2227 3647 2498 3719 allegatur.
2529 3648 2803 3703 Reclamat
2836 3648 3101 3706 Martinus
3141 3650 3422 3710 Navarrus,
3448 3655 3550 3700 tom.
3571 3642 3627 3706 2,

413 3746 718 3802 Comment.
749 3746 803 3799 in
834 3746 957 3799 dist.
991 3745 1024 3798 5
1050 3744 1116 3798 de
1145 3743 1465 3799 Puenitentia
1486 3784 1502 3809 ,
1536 3750 1592 3797 et
1619 3742 1747 3796 dicit
1776 3739 2186 3796 existimandum
2219 3742 2394 3811 potius
2414 3784 2429 3809 ,
2453 3741 2595 3795 illam
2625 3750 2831 3811 partem
2858 3782 2876 3809 ,
2897 3758 3000 3814 qua
3030 3744 3228 3799 citatur
3251 3740 3527 3812 Augustinus
3548 3778 3561 3803 ,
3583 3748 3629 3788 el

415 3841 766 3895 annotatione
791 3839 889 3892 viri
916 3839 1138 3908 alicujus
1163 3838 1307 3895 docti
1341 3838 1409 3894 ad
1438 3839 1733 3908 marginem
1763 3838 2033 3908 adscripta
2057 3880 2073 3904 ,
2102 3840 2359 3909 migrasse
2389 3840 2441 3894 in
2472 3849 2701 3905 textum,
2726 3857 2885 3911 quam
2924 3854 3213 3915 propterea
3245 3844 3505 3914 negandum
3546 3850 3628 3893 esse

414 3933 695 4004 Augustini
725 3932 917 3987 librum
948 3932 1230 4001 Optimum,
1258 3940 1337 3986 tot
1355 3932 1566 3987 saeculis
1586 3932 1634 3986 ei
1664 3932 1939 3988 tributum.
1970 3932 2195 3987 Navarri
2222 3934 2585 4003 conjecturam
2613 3936 2800 4006 juvant
2825 3937 2944 3993 libri
2973 3950 3191 3997 veteres
3213 3957 3303 4012 per
3329 3956 3416 3995 nos
3439 3932 3625 4005 inspecu,

414 4027 508 4098 qui
539 4041 604 4080 eo
627 4025 731 4081 loci
754 4039 952 4079 nomen
980 4025 1166 4079 saltem
1190 4025 1469 4095 Augustini
1494 4034 1855 4094 praetereunt:
1884 4024 1978 4079 sed
2006 4025 2134 4081 illud
2160 4034 2339 4081 tamen
2370 4037 2424 4081 et
2456 4028 2689 4097 postulat
2716 4044 2907 4086 sensus
2928 4071 2943 4096 ,
2968 4040 3024 4086 et
3050 4034 3178 4101 legit
3201 4034 3364 4102 reipsa
3389 4030 3623 4086 Gratianus.

414 4118 612 4175 Verum
633 4160 650 4187 ,
681 4119 749 4174 de
770 4117 873 4172 hoc
912 4117 1033 4173 loco
1071 4116 1325 4187 quidquid
1354 4116 1567 4171 tandem
1590 4126 1807 4187 putetur
1829 4159 1845 4185 ,
1868 4118 1971 4172 alia
2011 4118 2246 4189 undique
2283 4128 2573 4189 suppetunt
2600 4132 2909 4192 argumenta
2936 4165 2951 4190 ,
2982 4140 3107 4195 qua:
3133 4126 3392 4181 clamitant
3427 4124 3510 4176 hoc
3530 4131 3623 4188 opus

412 4228 523 4269 non
553 4226 673 4267 esse
698 4210 998 4281 Augustini.
1030 4208 1284 4276 Quaedam
1316 4208 1370 4262 in
1398 4206 1596 4263 Critico
1624 4209 2011 4280 Augustiuiano
2032 4210 2246 4280 collegit
2274 4211 2578 4267 Bernardus
2606 4212 2896 4285 Vindingus
2919 4257 2935 4282 ,
2961 4224 3010 4271 et
3038 4218 3289 4273 adversus
3324 4214 3570 4285 quemdam,
3589 4216 3626 4260 ut

412 4307 519 4372 ait,
558 4312 803 4358 recentem
828 4344 842 4368 ,
872 4318 961 4355 nec
984 4300 1175 4354 malum
1201 4301 1394 4371 alioqui
1420 4302 1708 4373 theologum
1728 4343 1741 4367 ,
1769 4302 1855 4371 qui
1877 4303 1994 4356 stilo
2024 4310 2070 4357 et
2095 4304 2325 4357 doctrina
2355 4313 2511 4358 totum
2547 4304 2972 4376 Augustinianum
2998 4326 3130 4376 esse,
3158 4311 3369 4379 adeoque
3401 4306 3527 4363 stulte
3557 4305 3624 4371 ipsi

412 4401 506 4454 hoc
526 4408 765 4480 negatum
790 4396 852 4450 ab
876 4395 1092 4449 Erasmo
1117 4403 1163 4449 et
1184 4393 1299 4447 aliis
1330 4392 1617 4447 doctoribus
1637 4393 2014 4460 contendebat,
2047 4395 2294 4465 opposuit
2325 4413 2338 4449 :
2363 4397 2565 4452 scilicet
2591 4398 2810 4468 phrases
2836 4401 2905 4455 ab
2931 4402 3231 4472 Augustino
3253 4402 3436 4455 alienas
3453 4410 3546 4464 cap.
3566 4393 3617 4445 ὅτ

414 4492 660 4549 Naaman
702 4508 791 4562 per
816 4508 1003 4561 aquam
1031 4490 1251 4561 perdidit
1277 4490 1492 4557 lepram.
1524 4485 1657 4557 Cap.
1683 4488 1718 4541 4
1750 4504 1763 4540 :
1797 4486 1985 4543 Petrus
2014 4486 2293 4542 Dominum
2318 4491 2513 4561 negavit
2537 4531 2551 4555 ,
2579 4500 2625 4545 et
2649 4508 2681 4544 a
2706 4508 2759 4545 se
2804 4496 2991 4548 amicos
3021 4494 3208 4548 Christi
3240 4485 3621 4548 excommunicauit.

412 4585 615 4641 Eodem
640 4600 760 4655 cap.
791 4584 846 4648 4,
870 4592 924 4638 et
950 4583 1004 4648 6,
1032 4597 1096 4637 ac
1122 4582 1153 4634 7
1178 4598 1192 4635 :
1225 4578 1440 4633 Poenam
1480 4579 1785 4649 promittere.
1814 4577 1944 4649 Cap.
1974 4578 2008 4633 9
2041 4596 2054 4633 :
2086 4578 2168 4632 Ad
2208 4579 2372 4634 Deum
2413 4582 2633 4635 anxiari.
2669 4582 2868 4638 Ibidem
2902 4602 2915 4637 :
2946 4583 3153 4639 Meliori
3180 4602 3326 4655 quam
3349 4591 3488 4652 potest
3511 4574 3619 4641 conﬁ-

413 4687 596 4733 teatur.
627 4676 761 4747 Cap.
795 4677 858 4729 17
892 4691 910 4728 :
940 4674 1151 4744 Oportet
1180 4684 1494 4743 peccatorem
1524 4683 1578 4727 ut
1605 4675 1656 4728 in
1684 4674 1977 4745 ptenitentia
2001 4673 2289 4744 fructiﬁcet.
2325 4674 2384 4728 In
2413 4674 2705 4743 Scripturis
2742 4678 3071 4746 exponendis
3099 4688 3359 4733 auctorem
3384 4687 3528 4743 neque
3547 4671 3618 4722 Au-

412 4769 615 4841 gustini
644 4767 917 4823 solertiam
941 4767 1139 4821 habere
1166 4764 1420 4829 ostendit,
1452 4782 1625 4836 neque
1650 4781 1772 4821 cum
1801 4766 1893 4821 illo
1920 4766 2353 4821 consensionem.
2386 4766 2519 4820 Nam
2543 4781 2660 4837 cap.
2685 4768 2719 4822 5
2744 4785 2757 4822 :
2785 4768 2935 4835 Quod
2963 4769 3190 4824 omnibus
3207 4811 3221 4836 ,
3248 4770 3335 4831 ait,
3369 4761 3619 4837 promisi”!!-

414 4858 744 4929 dulgentiam,
774 4858 889 4911 aliis
914 4857 1327 4928 promissionibus
1351 4857 1572 4911 declarat
1597 4874 1615 4910 :
1634 4876 1653 4908 ι
1687 4858 1785 4924 Qui
1801 4874 1878 4911 me
1897 4860 2154 4927 confessus
2180 4856 2330 4926 fuerit
2359 4873 2530 4910 coram
2560 4858 2897 4926 hominibus,»
2930 4859 2985 4913 id
3009 4870 3101 4927 est,
3128 4860 3283 4915 omnis
3308 4865 3616 4928 quantumcum-

413 4970 510 5025 que
533 4962 580 5007 et
610 4955 1015 5025 quotiescumque
1058 4961 1289 5021 peccator
1312 4990 1327 5015 ,
1357 4953 1717 5022 cujuscumque
1757 4952 1968 5017 ordinis,
1994 4950 2189 5006 etiamsi
2214 4950 2363 5020 fuerit
2390 4950 2648 5015 sacerdos;
2683 4952 2983 5020 «conﬁtebor
3009 4962 3057 5006 et
3078 4969 3167 5023 ego
3194 4969 3302 5006 eum
3328 4962 3474 5003 coram
3508 4941 3617 4995 Ρασε

418 5062 585 5101 meo.)
613 5044 745 5115 Cap.
777 5045 810 5099 9
842 5061 855 5097 :
888 5042 1074 5099 Totum
1098 5044 1348 5097 hominem
1369 5043 1563 5097 sanavit
1586 5042 1638 5094 in
1662 5041 1887 5109 sabbato,
1912 5044 2031 5112 quia
2054 5053 2101 5097 et
2128 5059 2311 5113 corpus
2335 5041 2396 5095 ab
2421 5043 2713 5111 inﬁrmitate
2738 5054 2784 5097 et
2810 5045 3029 5098 animam
3055 5045 3118 5098 ab
3143 5044 3276 5097 omni
3309 5038 3556 5107 contagione
3573 5030 3615 5082 li-

414 5138 622 5193 beravit.
671 5138 801 5208 Cap.
852 5136 914 5191 11
946 5152 965 5189 :
994 5134 1062 5189 In
1086 5134 1241 5189 Petro
1263 5145 1307 5189 et
1327 5133 1530 5188 Joanne
1557 5147 1603 5186 et
1630 5132 1821 5187 Iacobo
1852 5142 1898 5187 el
1930 5143 2071 5203 patre
2090 5143 2137 5188 et
2157 5143 2315 5187 matre
2341 5134 2522 5204 puella:
2568 5134 2586 5204 (
2611 5134 2735 5188 Luc.
2766 5151 2889 5203 vtu,
2938 5134 3029 5206 51)
3058 5136 3328 5208 ﬁguraliter
3374 5129 3617 5185 continentur

415 5230 698 5285 sacerdotes
735 5226 997 5283 Ecclesiae.
1028 5228 1304 5300 Lacrymis
1342 5226 1529 5281 matris
1569 5223 1741 5280 vidua:
1771 5266 1786 5293 ,
1817 5224 2035 5279 Martha:
2077 5235 2131 5281 et
2154 5224 2332 5280 Mariae
2366 5240 2427 5280 ac
2456 5226 2624 5280 turba:
2648 5226 2953 5282 Judzeorum
2978 5228 3235 5294 docemur,
3259 5224 3442 5295 inquit,
3470 5213 3616 5288 publice

415 5323 751 5396 peccantibus
780 5339 882 5376 non
928 5322 1193 5391 proprium
1217 5360 1232 5386 ,
1260 5319 1348 5373 sed
1386 5317 1630 5372 Ecclesia
1657 5317 1878 5388 sulﬁcere
1918 5318 2151 5371 meritum
2175 5358 2190 5385 ,
2217 5326 2322 5372 etc.
2369 5316 2499 5387 Cap.
2524 5318 2593 5373 H
2622 5334 2642 5372 :
2676 5318 2852 5374 Omnis
2895 5321 2993 5374 ista
3018 5321 3227 5373 varietas
3269 5309 3516 5383 conﬁtenda
3532 5311 3585 5357 est
3602 5340 3611 5362 ν

416 5395 462 5469 si
489 5416 709 5487 peccavit
732 5415 785 5469 in
807 5414 918 5469 loco
942 5429 1108 5479 sacro,
1139 5422 1226 5467 aut
1246 5412 1327 5465 cui
1359 5410 1525 5465 debuit
1553 5410 1903 5464 excellentiam
1928 5410 2065 5481 ﬁdei,
2101 5420 2157 5465 ut
2184 5421 2300 5465 sunt
2338 5412 2516 5467 domus
2561 5412 2885 5467 dominorum
2926 5422 2971 5468 et
2990 5414 3206 5468 aliorum
3233 5410 3473 5465 multorum
3492 5399 3557 5461 :85
3577 5395 3611 5447 ίπ

417 5519 639 5581 ιεηιρονε
663 5508 879 5564 orationi
902 5507 1194 5571 constituto,
1226 5513 1313 5558 aut
1337 5505 1391 5558 in
1416 5503 1681 5572 festivitate
1705 5514 2019 5569 sanctorum,
2041 5515 2089 5560 et
2115 5506 2168 5559 in
2198 5516 2419 5576 tempore
2430 5507 2636 5580 jejunii,
2659 5516 2766 5562 etc.
2789 5506 2852 5563 Si
2876 5509 2986 5579 quis
3007 5508 3141 5561 cadit
3163 5507 3213 5560 in
3232 5502 3481 5561 avaritiam,
3496 5492 3607 5547 etiam

419 5604 705 5657 castitatem
733 5601 1022 5656 minoravit.
1052 5598 1344 5666 Praeterea,
1377 5597 1675 5654 insinuatur
1702 5598 1876 5669 capite
1902 5601 1934 5655 6
1964 5599 2162 5657 bonum
2192 5619 2456 5674 quemque
2486 5614 2612 5660 ante
2638 5602 2836 5661 Christi
2878 5604 3156 5660 adventum
3198 5594 3366 5653 inferis
3403 5587 3610 5643 detentum

420 5692 619 5761 fuisse,
674 5694 1004 5764 Augustino,
1057 5692 1151 5749 lib.
1205 5691 1289 5746 12‘
1325 5691 1393 5746 de
1445 5690 1640 5746 Genesi
1688 5691 1754 5747 ad
1808 5692 2073 5761 litteram,
2124 5710 2277 5765 capp.
2335 5697 2403 5751 55
2460 5706 2513 5752 et
2568 5697 2656 5761 54,
2704 5711 2767 5752 ea
2820 5696 2889 5751 de
2933 5710 2989 5751 re
3041 5690 3362 5748 dissentiente
3397 5688 3471 5733 aut
3504 5676 3609 5765 certe

421 5788 755 5855 ambigente;
801 5797 857 5844 et
887 5796 1254 5846 memorantur
1278 5786 1455 5859 capite
1478 5785 1513 5844 8
1542 5796 1659 5843 acta
1699 5786 1868 5845 sancti
1906 5786 2156 5858 Andreae,
2191 5789 2345 5859 longe
2386 5797 2508 5860 post
2537 5790 2890 5859 Augustinum
2920 5785 3200 5847 secundum
3229 5776 3432 5837 eruditos
3456 5764 3603 5833 iulia"

423 5889 617 5950 coepta.
