3826 6482
467 366 571 422 559

463 497 608 550 vam,
650 488 705 536 et
748 481 919 551 ipsum
965 478 1222 534 Joannem
1274 476 1619 530 novissimum
1653 493 1665 528 :
1694 477 1782 545 qui
1808 475 2038 545 juvenis,

461 575 570 644 jam
608 574 854 643 juvenem
897 571 1189 631 Christum,
1234 582 1339 622 non
1380 567 1592 638 quidem
1641 567 1871 621 futurum
1921 584 2054 636 prae-

466 669 619 733 dixit,
666 669 761 721 sed
808 674 984 720 tamen
1029 664 1357 733 incognitum
1410 661 1716 730 prophetica
1747 661 2051 730 cognitione

463 760 782 816 monstravit
821 775 834 811 :
863 766 1082 828 propter
1107 756 1248 826 quod
1277 757 1390 825 ipse
1421 755 1673 809 Dominus
1712 753 1806 818 ait,
1853 753 1962 807 Lea:
2006 762 2052 808 et

465 851 738 922 Propheta:
758 865 916 919 usque
935 848 1002 900 ad
1029 848 1280 900 Joannem
1308 844 1518 920 (Matth.
1549 862 1624 910 XI,
1657 846 1768 914 1⁷5).
1797 845 1902 900 Sed
1933 846 2053 898 isto-

461 958 580 996 rum
609 941 841 1010 quinque
861 937 1193 1009 prophetalio
1219 953 1283 991 ex
1314 937 1600 1007 Evangelio
1627 937 1779 989 nobis
1807 944 1925 989 nota
1945 945 2048 990 est:

463 1034 550 1087 ubi
585 1041 639 1086 et
666 1033 776 1101 ipsa
806 1031 968 1098 Virgo
999 1044 1170 1083 mater
1198 1029 1402 1084 Domini
1446 1036 1570 1081 ante
1613 1028 1872 1081 Joannem
1920 1042 2048 1097 pro-

467 1125 716 1194 phetasse
746 1123 1010 1177 invenitur
1037 1121 1193 1194 (Luc.
1226 1138 1264 1189 ι,
1292 1122 1508 1190 46-55).
1533 1120 1637 1174 Sed
1663 1121 1796 1174 hanc
1826 1121 2045 1176 istorum

459 1215 794 1286 prophetiam
818 1213 985 1270 Judaei
1018 1213 1231 1284 reprobi
1253 1227 1356 1266 non
1387 1214 1651 1280 accipiunt
1683 1232 1694 1266 :
1727 1223 2048 1282 acceperunt

463 1317 662 1373 autem,
695 1307 784 1376 qui
815 1322 880 1359 ex
909 1305 988 1359 eis
1015 1305 1428 1358 innumerabiles
1472 1305 1758 1374 Evangelio
1801 1306 2044 1361 credide-

461 1409 603 1453 runt.
631 1400 778 1453 Tunc
803 1399 945 1453 enim
976 1414 1100 1452 vere
1128 1397 1291 1452 lsracl
1319 1398 1519 1452 divisus
1545 1408 1627 1453 est
1664 1400 1714 1452 in
1751 1400 1878 1465 duo,
1908 1401 2042 1454 divi-

462 1493 613 1546 sione
641 1491 750 1556 illa,
781 1508 899 1561 qua:
930 1506 1022 1560 per
1062 1490 1364 1545 Samuclem
1409 1491 1718 1561 prophetam
1758 1493 1900 1548 Sauli
1931 1494 2041 1564 regi

1545 359 1630 414 DE
1669 356 1988 414 CIVITATE
2033 353 2166 423 DEI,
2205 354 2262 410 S.
2301 355 2665 414 AUGUSTINI

3589 377 3675 434 560

2162 479 2243 526 est
2288 471 2632 527 immutabilis
2680 474 3049 543 praenuntiata.
3095 475 3401 534 Malachiam
3437 497 3568 553 vero,
3598 491 3680 559 Ακ.

2155 579 2354 635 gzeum,
2389 564 2722 634 Zachariam,
2751 576 2805 622 et
2830 569 3068 633 Esdram,
3113 572 3274 626 etiam
3317 573 3472 631 Judaei
3513 586 3683 648 reprobi

2159 657 2212 711 in
2255 659 2623 714 auctoritatem
2667 662 2974 716 canonicam
3007 674 3256 733 receptos
3298 669 3586 727 novissimos
3615 674 3688 730 ba-

2164 749 2312 804 bent.
2344 751 2478 805 Sunt
2502 753 2642 807 enim
2669 763 2722 808 et
2752 756 2946 826 scripta
2975 771 3190 826 eorum,
3219 760 3352 816 sicut
3373 763 3596 834 aliorum,
3621 773 3687 840 qui

2159 839 2210 894 in
2235 857 2423 910 magna
2451 844 2786 900 multitudine
2810 847 3200 916 Prophetarum
3220 852 3238 883 ³
3260 857 3496 923 perpauci
3518 839 3689 916 cascri-

2158 943 2412 1002 pserunt,
2456 951 2574 1005 qua:
2616 940 2986 994 auctoritatem
3033 943 3261 997 canonis
3299 945 3594 1004 obtinerent.
3635 954 3691 1008 De

2156 1041 2379 1095 quorum
2411 1027 2700 1096 praedictis,
2749 1047 2867 1100 quas
2909 1033 2974 1087 ad
3019 1033 3302 1091 Christum
3349 1039 3692 1114 Eoclesiamqne

2155 1118 2270 1185 ejus
2325 1120 2922 1187 pertinent,.nonnul|a
2969 1125 3108 1180 mihi
3151 1127 3206 1182 in
3255 1129 3355 1184 hoc
3395 1146 3541 1200 opere
3573 1138 3693 1190 video

2155 1223 2278 1263 esse
2310 1212 2546 1278 ponenda
2590 1230 2602 1265 :
2646 1215 2787 1284 quod
2817 1213 3159 1273 commodius
3191 1220 3304 1288 ﬁet,
3333 1223 3592 1292 adiuvante
3617 1229 3695 1282 Do.

2152 1304 2318 1369 mino,
2351 1310 2592 1374 sequenti
2616 1309 2783 1377 libro;
2829 1327 2898 1366 ne
2924 1312 3071 1369 hunc
3097 1322 3210 1371 tam
3237 1317 3491 1387 prolixum
3516 1323 3694 1378 ulterius

2152 1408 2461 1451 oneremus.

2215 1509 2233 1541 ί
2267 1511 2342 1561 Sic
2359 1519 2464 1562 Mss.
2489 1514 2608 1564 Editi
2630 1529 2768 1577 vero,
2786 1519 3160 1584 prophetarum.
3225 1555 3228 1559 -

1721 1629 3682 1672 ________________

974 1723 1452 1831 LIBER
1525 1725 2223 1838 DECIMUS
2301 1737 3032 1856 OCTAVUS
3084 1749 3207 1860 (α).

456 1907 1174 2002 θίῖ-ξξρὲ¹έῗέ⁸ῗ.ἷέ.¹3³ἐςἓὶῖξὲῗξξῗη³
1192 1908 1970 2002 ,ξῇξιξι.εξῖξξῖ.ς.ξ’ξτι¹ξξιξξ.ῇίέηηεξξξεῐξ.
1994 1910 2404 2002 exemere
2428 1934 2536 1973 cum
2563 1926 2663 1989 ίιιεει
2688 1929 2884 2002 cauete
2906 1933 3102 1983 εοειρειε
3130 1948 3145 1984 =
3174 1943 3229 1986 ει
3249 1939 3439 2002 attingit
3458 1943 3622 1991 «mu
3648 1946 3694 1992 de

513 1971 712 2028 Christo,
738 1982 846 2017 cum
867 1967 1162 2033 sibyllarum,
1192 1977 1294 2018 tum
1309 1967 1527 2020 maxime
1547 1983 1791 2022 sacrorum
1811 1980 1991 2034 Vatum,
2006 1967 2326 2042 quiab'regni
2349 1967 2663 2039 horna—norit;
3249 1967 3692 2066 σὸξὲὲδιλιῗιέῃξηίὲ

513 2032 730 2066 Minhmm,
762 2038 808 2066 ut
834 2033 1252 2066 stnhannnanlmnv
3379 2037 3396 2062 ν
3545 2040 3559 2061 ν

513 2032 736 2092 licitam,
762 2038 814 2081 et
833 2032 1256 2094 subsequenttum.

1897 2145 2277 2163 ἣ

454 2242 680 2307 ᾸΑΡΠΤ
720 2241 1199 2300 PRIMUM.—De
1235 2243 1313 2296 Itis
1359 2259 1472 2312 qua:
1507 2260 1662 2312 usque
1706 2247 1772 2298 ad
1814 2257 2040 2317 tempora

528 2335 820 2390 Saluatoris
865 2335 1034 2388 decem
1072 2345 1118 2387 et
1171 2343 1360 2404 septem
1403 2336 1739 2390 voluminibus
1783 2337 2040 2408 disputata

519 2436 655 2480 sunt.

523 2543 596 2596 De
620 2543 890 2597 civitatum
919 2540 1163 2607 duarum,
1196 2557 1420 2611 quarum
1451 2544 1543 2598 Dei
1572 2559 1696 2609 una,
1725 2547 1904 2603 saeculi
1940 2548 2036 2604 hu-

444 2635 531 2705 jus
555 2643 638 2689 est
666 2635 848 2698 altera,
883 2635 934 2688 in
961 2650 1062 2704 qua
1085 2650 1226 2688 nunc
1248 2644 1348 2701 est,
1378 2647 1632 2716 quantum
1660 2639 1727 2692 ad
1755 2641 2028 2697 hominum

445 2745 612 2798 genus
651 2729 898 2798 pertinet,
942 2730 1099 2784 etiam
1130 2730 1228 2783 ista
1259 2731 1556 2801 peregrina,
1597 2743 1786 2788 exortu
1815 2745 1869 2789 et
1910 2752 2034 2805 pro-

445 2837 601 2876 cursu
621 2823 637 2852 ί
667 2830 724 2876 et
749 2821 941 2875 debitis
963 2817 1155 2876 finibus
1187 2837 1272 2876 me
1301 2825 1620 2891 scripturum
1642 2840 1759 2879 esse
1784 2828 2033 2896 promisi:

445 2931 565 2969 cum
597 2916 741 2985 prius
773 2915 1019 2969 inimicos
1065 2915 1300 2968 civitatis
1347 2916 1460 2979 Dei,
1494 2917 1582 2985 qui
1613 2917 1875 2973 conditori
1919 2919 2035 2989 ejus

445 3007 661 3061 Christo
687 3006 817 3061 deos
857 3020 983 3061 suos
1010 3007 1321 3077 praeterunt,
1355 3013 1410 3060 et
1436 3006 1602 3061 livore
1631 3007 1732 3061 sibi
1759 3010 2032 3078 pernicio-

445 3100 656 3154 sissimo
693 3099 944 3154 atrociter
975 3098 1216 3154 invident
1261 3096 1598 3166 Christianis,
1643 3109 1900 3170 quantum
1947 3116 2033 3157 me

447 3189 720 3259 adjuvaret
746 3189 862 3260 ejus
885 3190 1074 3260 gratia,
1102 3188 1453 3256 refellissem;
1491 3190 1633 3260 quod
1675 3193 2034 3249 voluminibus

444 3283 630 3336 decem
665 3282 929 3351 prioribus
956 3282 1077 3336 feci.
1108 3283 1183 3336 De
1215 3281 1312 3336 hac
1339 3297 1467 3336 vero
1504 3297 1646 3349 mea,
1685 3299 1843 3352 quam
1874 3283 2034 3339 modo

445 3376 876 3438 commemoravi,
910 3377 1167 3446 tripartita
1204 3378 1574 3445 promissione,
1603 3378 1907 3433 decimum'
1941 3396 2032 3436 se-

443 3469 726 3537 quentibus
754 3478 980 3538 quatuor
1007 3469 1154 3522 libris
1180 3469 1454 3523 ambarum
1476 3453 1565 3524 est
1591 3469 1831 3541 digestus
1869 3487 2033 3527 exor-

446 3570 561 3621 tus:
592 3561 787 3617 deinde
819 3577 1104 3632 procursus
1130 3563 1196 3616 ab
1228 3562 1439 3616 homine
1461 3564 1635 3633 primo
1665 3580 1832 3634 usque
1856 3566 1923 3620 ad
1951 3565 2032 3620 di-

446 3656 642 3709 luvium
673 3655 809 3709 libro
833 3670 960 3722 uno,
984 3655 1072 3725 qui
1109 3663 1192 3708 est
1222 3655 1377 3724 hujus
1417 3655 1594 3724 operis
1637 3657 1852 3725 quintus
1881 3657 2030 3713 deci-

445 3761 590 3810 mus;
621 3745 911 3815 atqueindc
929 3761 1097 3813 usque
1123 3745 1188 3798 ad
1206 3745 1470 3798 Abraham
1498 3760 1683 3799 rursus
1710 3749 1899 3813 ambae,
1925 3749 2030 3803 sic-

446 3845 502 3890 ut
540 3837 594 3889 in
642 3837 990 3904 temporibus,
1036 3837 1106 3889 ita
1150 3845 1204 3889 et
1243 3837 1290 3888 in
1337 3837 1532 3890 nostris
1563 3838 1750 3892 litteris
1776 3855 2029 3896 cucurre-

445 3935 588 3981 runt.
623 3926 727 3981 Sed
758 3943 786 3980 a
816 3937 963 3995 patre
992 3926 1261 3980 Abraham
1296 3943 1461 3997 usque
1489 3928 1552 3982 ad
1585 3928 1791 3999 Regum
1821 3940 2031 4000 tempus

445 4020 820 4082 lsraelitarum,
850 4019 935 4073 tibi
965 4029 1171 4073 sextum
1213 4020 1475 4074 decimum
1517 4023 1765 4077 volumen
1793 4024 2023 4079 absolvi-

445 4129 583 4178 mus,
613 4120 668 4167 et
693 4113 815 4166 inde
844 4127 1010 4181 usque
1035 4113 1098 4165 ad
1129 4113 1293 4181 ipsius
1332 4114 1384 4168 in
1423 4129 1583 4170 carne
1611 4115 1902 4171 Salvatoris
1929 4117 2028 4172 ad-

447 4215 685 4270 ventum,
714 4221 990 4276 quousque
1021 4205 1260 4260 decinms
1289 4208 1547 4276 septimus
1594 4208 1726 4262 liber
1772 4209 2024 4278 tenditur,

445 4301 556 4354 sola
578 4299 788 4354 videtur
819 4301 869 4353 in
897 4315 1017 4352 meo
1035 4298 1056 4329 ³
1085 4299 1207 4352 stilo
1236 4301 1534 4354 cucurrisse
1554 4300 1645 4355 Dei
1664 4301 1851 4355 civitas
1875 4317 2026 4356 :cum

444 4392 498 4446 in
526 4391 628 4446 hoc
651 4391 846 4445 sa-culo
875 4407 979 4444 non
1012 4391 1122 4444 sola
1151 4392 1468 4457 cucurrerit,
1509 4392 1602 4446 sed
1646 4393 1816 4447 ambre
1846 4395 2028 4464 utique

444 4484 498 4540 in
525 4498 721 4556 genere
746 4483 998 4548 humano,
1029 4486 1162 4537 sicut
1193 4483 1260 4537 ab
1287 4484 1437 4538 initio
1455 4485 1634 4553 simul,
1655 4501 1750 4539 suo
1769 4502 2026 4555 procursu

447 4586 684 4647 tempora
715 4577 1058 4632 variaverint.
1104 4577 1300 4632 Verum
1333 4578 1434 4633 hoc
1475 4577 1594 4633 ideo
1625 4579 1743 4642 feci,
1776 4590 1831 4633 ut
1859 4582 2024 4649 prius,

444 4685 512 4724 ex
549 4683 655 4738 quo
691 4669 985 4736 apertiores
1018 4669 1109 4722 Dei
1140 4669 1519 4737 promissioues
1562 4683 1682 4723 esse
1724 4679 2022 4740 coeperunt,

447 4776 615 4828 usque
636 4758 702 4814 ad
725 4761 840 4827 ejus
865 4774 929 4814 ex
959 4759 1172 4828 Virgine
1195 4760 1543 4823 nativitatem,
1570 4759 1621 4811 in
1648 4774 1754 4828 quo
1772 4760 1791 4790 ε’
1821 4761 2027 4815 fuerant

442 4868 563 4923 qua:
593 4853 762 4920 primo
793 4851 1234 4920 promittebantur
1260 4849 1548 4921 implenda,
1579 4851 1694 4905 sine
1725 4853 2028 4921 interpella-

450 4944 592 4997 tione
635 4957 662 4993 a
719 4943 987 4995 contrario
1013 4943 1229 4994 alterius
1257 4943 1504 5011 civitatis,
1551 4942 1648 4996 ista
1680 4959 1797 5012 qua:
1827 4945 1918 4998 Dei
1947 4953 2029 4999 est

448 5047 788 5106 procurrens,
817 5032 1115 5085 distinctius
1154 5041 1466 5101 appareret;
1495 5036 1736 5102 quamvis
1763 5050 1932 5104 usque
1961 5036 2026 5089 ad

448 5125 827 5182 revelationem
855 5123 1180 5177 Testamenti
1211 5126 1350 5188 novi,
1385 5140 1486 5177 non
1516 5126 1568 5178 in
1597 5125 1816 5190 lumine,
1850 5127 1944 5180 sed
1973 5128 2023 5180 in

448 5220 634 5274 umbra
656 5217 969 5272 cucurrerit.
997 5215 1146 5270 Nunc
1173 5233 1320 5287 ergo,
1351 5217 1491 5286 quod
1520 5220 1928 5286 intermiseram,
1949 5223 2027 5274 vi-

447 5315 548 5370 deo
589 5329 707 5368 esse
737 5311 1056 5377 faciendum,
1089 5319 1148 5365 ut
1183 5327 1253 5364 ex
1284 5311 1510 5366 Abrahre
1541 5314 1863 5382 temporibus
1891 5331 2026 5384 quo-

449 5406 607 5461 modo
637 5406 796 5462 etiam
825 5405 912 5460 illa
952 5405 1268 5469 cucurrerit,
1313 5413 1568 5473 quantum
1617 5406 1746 5459 satis
1796 5406 2022 5475 videtur,

509 5545 529 5574 ι
561 5543 756 5592 Codices
772 5541 911 5600 2050,
929 5539 1043 5589 9051
1075 5545 1128 5588 et
1148 5537 1257 5599 258,
1271 5549 1544 5600 progressu.
1637 5543 1697 5586 tt.

507 5607 527 5634 ³
563 5604 694 5666 Apud
716 5603 914 5661 bov.,in
936 5601 1210 5666 decimum:
1237 5603 1394 5666 minus
1415 5601 1560 5666 bene.

511 5666 532 5697 ³
565 5661 663 5713 Ain.
706 5672 757 5714 et
787 5671 913 5723 Lov.,
956 5663 1006 5713 in
1034 5661 1208 5713 medio.
1257 5662 1373 5711 Editi
1409 5661 1490 5710 alii
1525 5668 1577 5711 et
1609 5661 1930 5724 manuscripti,
1976 5661 2027 5713 in

445 5739 669 5858 “facta
690 5786 838 5858 editio
860 5784 1055 5858 mysin
1079 5799 1190 5848 qua.
1274 5845 1351 5858 .M
1535 5850 1543 5858 .
1587 5848 1606 5858 ..

514 5848 586 5908 (a)
610 5848 815 5906 scriptus
832 5849 1023 5896 circiter
1061 5845 1238 5895 annum
1262 5845 1366 5894 426.
1397 5847 1509 5896 vide
1534 5848 1669 5909 infra,
1691 5860 1792 5911 cap.
1812 5847 1889 5898 54.

2148 2257 2421 2327 attingam,
2453 2271 2509 2316 ut
2530 2266 2700 2321 amba;
2730 2269 2868 2326 inter
2891 2287 2950 2327 se
2977 2276 3193 2343 possint
3219 2279 3616 2336 consideratione
3635 2285 3688 2338 le-

2143 2350 2377 2414 gentium
2409 2358 2723 2424 comparari.

2143 2482 2369 2540 CAPUT
2407 2487 2470 2542 ll.
2491 2520 2563 2531 —
2600 2489 2680 2546 De
2716 2502 2925 2552 terrenae
2952 2501 3178 2556 civitatis
3208 2505 3414 2574 regibus
3436 2517 3572 2576 atque
3593 2518 3685 2560 tem-

2216 2581 2436 2649 noribus,
2462 2587 2641 2657 quibus
2661 2589 2723 2642 ab
2746 2604 2924 2646 exortu
2950 2595 3180 2651 Abrahw
3201 2611 3490 2654 sanctorum
3507 2612 3688 2670 tempore

2215 2684 2486 2742 supputata
2508 2683 2823 2737 conveniunt.

2215 2796 2265 2851 1.
2311 2796 2550 2858 Societas
2589 2805 2746 2874 igitur
2786 2824 3177 2884 usquequaque
3206 2819 3506 2874 mortalium
3533 2821 3683 2875 diffusa

2141 2900 2237 2955 per
2266 2897 2434 2945 terras
2460 2903 2514 2947 et
2543 2896 2595 2948 in
2628 2897 2866 2953 locorum
2897 2908 3258 2974 quantislibet
3305 2911 3684 2976 diversitatibns,

2141 2980 2298 3035 unius
2320 2991 2494 3039 tamen
2516 2987 2860 3060 ejusdemque
2879 3007 3085 3050 natura:
3102 3001 3340 3068 quadam
3363 3005 3685 3058 communione

2141 3070 2384 3128 devincta
2406 3118 2420 3140 ,
2449 3078 2702 3135 utilitates
2732 3092 2787 3138 et
2813 3087 3138 3154 cupiditates
3163 3107 3294 3148 suas
3323 3096 3596 3166 quibusque
3618 3111 3684 3150 se-

2139 3165 2438 3232 ctantibus,
2467 3168 2592 3223 dum
2645 3173 2695 3226 id
2737 3176 2876 3244 quod
2925 3184 3228 3251 appetitur,
3259 3197 3353 3240 aut
3383 3165 3592 3255 nemini,
3616 3201 3685 3244 aut

2140 3269 2246 3310 non
2273 3260 2522 3315 omnibus
2549 3263 2764 3332 sufficit,
2787 3269 2914 3337 quia
2938 3287 3046 3327 non
3068 3284 3156 3329 est
3178 3277 3430 3347 idipsum,
3451 3281 3684 3334 adversum

2139 3362 2196 3402 se
2225 3349 2394 3418 ipsam
2434 3354 2746 3427 plerumque
2770 3360 3045 3429 dividitur,
3079 3377 3136 3421 et
3179 3385 3304 3438 pars
3347 3381 3566 3440 partem,
3592 3388 3684 3443 qua:

2138 3443 2423 3509 praevalet,
2456 3449 2728 3516 opprimit.
2771 3452 2985 3509 Vietrici
3027 3460 3178 3512 enim
3220 3463 3359 3516 victa
3399 3465 3682 3525 succumbit,

2137 3532 2484 3590 dominationi
2512 3539 2751 3609 scilicet,
2783 3545 2868 3599 vel
2897 3547 3058 3602 etiam
3093 3551 3334 3607 libertati
3363 3556 3680 3625 qualemcum-

2136 3639 2239 3694 que
2267 3640 2450 3695 pacem
2484 3629 2773 3699 praeferens
2799 3651 2861 3689 ac
2890 3639 3118 3695 salutem
3149 3661 3163 3696 :
3195 3645 3265 3698 ita
3298 3655 3356 3699 ut
3385 3662 3572 3716 magna:
3594 3646 3682 3700 fue-

2137 3719 2244 3772 rint
2285 3720 2620 3778 admirationi
2647 3727 2734 3796 qui
2781 3730 2954 3797 perire
2977 3748 3140 3802 quam
3173 3739 3378 3792 servire
3406 3740 3678 3793 maluerunt.

2135 3808 2266 3864 Nam
2299 3812 2349 3864 in
2377 3815 2622 3870 omnibus
2645 3818 2757 3873 fere
2780 3823 3029 3889 gentibus
3055 3829 3456 3896 quodammodo
3477 3848 3566 3885 vox
3602 3848 3678 3884 na-

2139 3909 2269 3954 turae
2296 3902 2395 3957 ista
2419 3908 2712 3976 personuit,
2747 3921 2802 3964 ut
2826 3914 3103 3985 subjugari
3133 3919 3425 3977 victoribus
3463 3922 3674 3985 mallent,

2135 3994 2328 4062 quibus
2353 3998 2574 4068 contigit
2606 4002 2741 4056 vinci
2765 4044 2778 4065 ,
2811 4021 2968 4074 quam
3000 4009 3195 4066 bellica
3223 4015 3542 4069 omnifariam
3565 4017 3580 4047 ¹
3603 4031 3675 4068 ra-

2135 4087 2366 4142 statione
2391 4088 2578 4145 deleri.
2614 4093 2747 4148 Hinc
2776 4095 2972 4152 factum
3000 4111 3082 4155 est
3115 4114 3172 4158 ut
3199 4119 3306 4159 non
3332 4107 3446 4164 sine
3475 4108 3555 4161 Dei
3580 4121 3674 4175 pro-

2137 4178 2366 4234 videntia
2385 4223 2400 4247 ,
2434 4183 2488 4236 in
2531 4185 2681 4256 cujus
2716 4198 2978 4257 potestate
3001 4202 3086 4248 est
3116 4205 3175 4250 ut
3203 4200 3424 4268 quisque
3453 4199 3578 4254 bello
3600 4206 3671 4250 aut

2135 4271 2444 4342 subjugetur
2471 4286 2562 4330 aut
2591 4279 2867 4349 subjuget,
2899 4285 3118 4353 quidam
3149 4301 3331 4345 essent
3365 4292 3529 4361 regnis
3559 4305 3668 4357 prte-

2132 4363 2227 4417 diti
2252 4407 2265 4430 ,
2308 4366 2521 4434 quidam
2553 4374 2898 4440 regnantibus
2928 4376 3127 4434 subditi
3157 4398 3171 4434 :
3201 4382 3292 4437 sed
3323 4383 3457 4437 inter
3482 4381 3664 4452 plurima

2133 4469 2294 4524 regna
2324 4467 2606 4526 terrarum,
2634 4463 2685 4516 in
2717 4481 2834 4533 qum
2866 4477 3093 4526 terrena:
3119 4475 3362 4528 utilitatis
3389 4475 3466 4528 vel
3497 4473 3663 4541 cupidi-

2133 4549 2256 4602 tatis
2281 4558 2365 4604 est
2388 4551 2554 4608 divisa
2581 4557 2810 4611 societas
2839 4559 3020 4631 (quam
3048 4567 3318 4622 civitatem
3344 4568 3511 4622 mundi
3537 4567 3658 4634 hujus

2132 4643 2416 4698 universali
2449 4651 2708 4704 vocabulo
2738 4661 3142 4729 nuncupamus)
3161 4702 3176 4723 ,
3205 4661 3308 4716 duo
3337 4677 3489 4734 regna
3517 4659 3658 4714 cerni-

2134 4751 2249 4789 mus
2279 4736 2434 4807 longe
2472 4743 2682 4797 cmteris
2721 4750 3031 4814 provenisse
3069 4752 3327 4815 clariora,
3369 4752 3654 4823 Assyriorum

2132 4827 2382 4896 primum,
2401 4829 2594 4886 deinde
2621 4834 3007 4903 Romanorum,
3032 4851 3092 4894 ut
3112 4844 3448 4912 temporibus,
3477 4844 3535 4895 ita
3555 4841 3656 4892 locis

2132 4917 2272 4974 inter
2299 4935 2357 4974 se
2385 4922 2626 4979 ordinata
2657 4937 2819 4996 atque
2845 4930 3116 4986 distincta.
3147 4934 3276 4988 Nam
3311 4950 3412 5004 quo
3443 4933 3578 4988 modo
3600 4930 3651 4982 il-

2132 5011 2222 5066 lud
2254 5014 2418 5083 prius,
2451 5015 2553 5071 hoc
2580 5022 2877 5088 posterius;
2908 5039 2974 5078 eo
3003 5026 3162 5080 modo
3190 5026 3314 5082 illud
3359 5029 3406 5081 in
3441 5027 3646 5086 Oriente,

2133 5102 2235 5157 hoc
2261 5106 2310 5159 id
2336 5105 2622 5163 Occidente
2641 5115 2875 5168 surrexit
2900 5132 2914 5169 :
2935 5116 3167 5187 denique
3189 5120 3236 5172 in
3265 5119 3394 5172 illius
3413 5117 3505 5171 fine
3526 5115 3645 5182 hujus

2132 5195 2337 5250 initium
2369 5200 2647 5255 confestim
2677 5204 2772 5258 fuit
2801 5203 2898 5277 (a).
2933 5207 3114 5278 Regna
3139 5223 3342 5273 czetera,
3370 5216 3644 5273 extet-osque

2133 5299 2289 5355 reges
2318 5288 2462 5342 velut
2485 5292 2803 5360 appendices
2836 5296 3058 5351 istorum
3088 5298 3325 5354 dixerint.

2201 5377 2256 5431 2.
2298 5379 2462 5434 Ninus
2489 5397 2616 5452 ergo
2642 5385 2750 5452 jam
2777 5388 3046 5452 secundus
3074 5407 3166 5445 rex
3191 5400 3300 5446 erat
3323 5389 3634 5459 Assyriorum.

2132 5471 2221 5538 qui
2271 5472 2406 5540 patri
2453 5487 2552 5528 suo
2595 5474 2723 5531 Belo
2770 5492 3138 5547 successerat,
3169 5485 3304 5552 regni
3340 5483 3463 5536 illius
3498 5479 3634 5548 primo

2133 5561 2275 5631 regi,
2304 5564 2516 5632 quando
2542 5567 2593 5619 in
2625 5575 2762 5621 terra
2799 5570 3178 5629 Chaldzeorum
3217 5584 3357 5629 natus
3390 5580 3461 5627 est
3493 5568 3630 5623 Abra-

2199 5767 2215 5796 ¹
2252 5765 2323 5814 sic
2346 5763 2512 5826 plures
2531 5769 2854 5830 manuscripti.
2881 5768 2967 5820 Alii
2990 5784 3110 5821 vero
3129 5785 3232 5823 cum
3251 5771 3389 5830 editis,
3404 5758 3619 5822 NW

2192 5846 2264 5907 (a)
2291 5846 2401 5895 vide
2425 5848 2560 5908 intra,
2582 5860 2685 5910 cap.
2712 5850 2787 5897 27.
