3882 6396
228 292 326 350 681

226 409 353 464 ham
395 409 500 480 (a).
543 408 674 464 Erat
700 408 861 464 etiam
895 416 1136 478 tempore.
1165 407 1255 463 illo
1283 423 1505 479 regnum
1545 409 1826 481 Sicyonio-

223 517 342 556 rum
365 501 665 557 admodum
690 517 933 571 parvum,
951 518 980 556 a
1002 517 1107 572 quo
1129 503 1216 557 ille
1237 502 1608 573 undecumque
1635 504 1832 558 doctis-

223 595 397 650 simus
419 594 639 650 Marcus
658 595 826 650 Varro
848 596 1088 652 scribens
1104 596 1170 650 de
1185 595 1354 650 Gente
1378 597 1553 664 pepuli
1580 597 1826 664 Romani,

221 684 373 741 velut
396 686 631 756 antiquo
655 694 897 754 tempore
917 728 932 752 ,
957 700 1180 741 exorsus
1217 693 1317 742 est.
1347 687 1430 741 Ab
1456 686 1540 742 his
1565 688 1708 742 enim
1740 686 1828 743 Si-

222 778 554 848 cyoniorum
584 777 801 848 regibus
827 777 894 832 ad
923 778 1280 832 Athenienses
1305 779 1564 847 pervenit,
1583 793 1615 833 a
1635 779 1830 849 quibus

221 869 288 923 ad
340 868 611 935 Latinos,
653 869 776 924 inde
819 869 886 924 ad
930 869 1230 934 Romanos;
1272 870 1368 924 sed
1409 879 1532 925 ante
1559 871 1827 925 conditam

221 960 453 1015 Romam
485 961 542 1015 in
571 961 966 1030 comparatione
996 961 1144 1031 regni
1173 961 1514 1030 Assyriorum
1545 956 1828 1032 perexigua

221 1053 320 1108 ista
347 1062 748 1108 memorantur.
769 1053 1022 1121 Quamvis
1041 1053 1392 1109 Athenienses
1413 1055 1466 1110 in
1489 1053 1694 1111 Graecia
1721 1055 1828 1124 plu-

219 1149 419 1202 rimum
451 1149 720 1203 claruisse
749 1149 978 1202 fateatur
1017 1148 1178 1202 etiam
1221 1147 1506 1203 Sallustius
1550 1148 1823 1204 Romanus

219 1239 551 1301 historicus,
580 1241 698 1308 plus
729 1249 905 1292 tamen
934 1237 1074 1292 fama
1099 1279 1112 1303 ,
1144 1253 1301 1308 quam
1329 1255 1388 1294 re
1412 1240 1545 1308 ipsa.
1581 1239 1711 1292 Nam
1738 1239 1823 1294 Io-

219 1344 392 1399 quens
417 1330 493 1385 de
527 1331 670 1385 illis:
699 1330 1100 1393 Atheniensium,
1134 1331 1333 1400 inquit,
1369 1348 1448 1385 res
1476 1340 1646 1403 gestas,
1679 1332 1826 1386 sicuti

218 1440 308 1493 ego
339 1424 586 1478 existimo
605 1464 620 1487 ,
667 1425 790 1477 satis
822 1423 1010 1492 ampla:
1036 1423 1417 1494 magniﬁcaeque
1445 1428 1586 1496 [uere
1613 1439 1632 1478 :
1653 1439 1826 1477 verum

218 1516 489 1584 aliquanto
522 1517 742 1570 minores
770 1524 954 1580 tamen,
972 1532 1122 1587 quam
1139 1518 1277 1586 fama
1303 1516 1553 1585 feruntur.
1577 1516 1683 1572 Sed
1705 1518 1828 1588 quia

220 1622 500 1676 provenere
546 1607 617 1661 ibi
659 1607 962 1677 scriptorum
986 1624 1171 1677 magna
1195 1608 1428 1680 ingenia,
1459 1625 1548 1678 per
1576 1619 1824 1664 terrarum

221 1699 392 1753 orbem
415 1700 804 1754 Atheniensium
831 1705 967 1771 facta
996 1717 1086 1769 pro
1113 1701 1348 1756 maximis
1375 1703 1708 1758 celebrantur.
1737 1702 1826 1759 Ita

220 1806 393 1844 eorum
424 1792 514 1860 qui
548 1792 741 1861 fecere,
774 1794 928 1846 virtus
971 1805 1111 1846 tanta
1152 1794 1394 1862 habetur,
1434 1805 1674 1865 quantum
1713 1811 1824 1850 eam

221 1882 380 1937 verbis
410 1894 626 1953 potuere
653 1884 889 1939 extollere
919 1885 1166 1957 prteclara
1192 1889 1398 1959 ingenia
1444 1887 1601 1958 (Belli
1643 1887 1820 1956 Catil.,

220 1989 336 2040 cap.
368 1974 453 2043 8).
487 1977 719 2029 Accedit
749 1976 874 2031 huic
901 1977 1101 2031 civitati
1131 1993 1238 2032 non
1267 1994 1426 2048 parva
1451 1980 1610 2034 etiam
1637 1994 1703 2034 ex
1733 1979 1822 2034 lit-

222 2067 348 2120 teris
376 2075 432 2120 et
465 2068 801 2136 philosophis
830 2068 1020 2137 gloria,
1053 2069 1195 2140 quod
1226 2070 1296 2123 ibi
1325 2071 1661 2139 potissimum
1699 2071 1822 2126 talia

219 2158 391 2211 studia
419 2160 730 2227 viguerunt.
762 2160 894 2216 Nam
921 2174 1174 2231 quantum
1208 2164 1398 2219 attinet
1423 2164 1489 2219 ad
1515 2165 1818 2234 imperium,

221 2250 424 2304 nullum
451 2251 634 2320 majus
666 2253 852 2322 primis
885 2256 1215 2323 temporibus
1236 2297 1251 2321 ,
1278 2271 1437 2326 quam
1475 2258 1821 2329 Assyriorum

221 2339 331 2404 luit,
366 2356 472 2397 nec
499 2354 610 2397 tam
646 2345 804 2415 longe
831 2344 1045 2416 lateque
1074 2345 1348 2402 diﬂ'usum.
1379 2346 1584 2417 Quippe
1607 2349 1696 2404 ubi
1725 2349 1820 2404 Ni-

221 2447 318 2486 nus
353 2450 486 2498 rex,
518 2435 635 2490 Beli
683 2436 859 2504 ﬁlius,
893 2439 1200 2496 universam
1244 2440 1426 2496 Asiam
1447 2482 1463 2508 ,
1497 2457 1616 2510 quae
1661 2443 1823 2498 totius

220 2527 363 2580 orbis
397 2527 466 2581 ad
497 2545 783 2584 numerum
816 2531 1042 2599 partium
1079 2535 1234 2588 tertia
1264 2533 1478 2598 dicitur,
1514 2534 1579 2589 ad
1609 2537 1819 2606 magni-

222 2617 456 2672 tudinem
485 2635 622 2674 vero
643 2620 858 2675 dimidia
883 2624 1168 2690 reperitur,
1195 2639 1363 2694 usque
1384 2625 1450 2679 ad
1479 2625 1662 2698 Libya:
1689 2629 1823 2686 ﬁnes

222 2708 500 2778 subegisse
532 2711 764 2766 traditur
785 2712 888 2785 '(b).
931 2712 1073 2768 Solis
1101 2717 1293 2785 quippe
1325 2715 1466 2770 lndis
1497 2719 1548 2770 in
1579 2719 1821 2788 partibus

222 2799 454 2858 Orientis
499 2820 614 2858 non
660 2804 1073 2862 dominabatur:
1103 2824 1237 2878 quos
1266 2819 1443 2864 tamen
1475 2825 1541 2864 eo
1571 2811 1822 2868 defuncto

221 2890 540 2947 Semiramis
568 2911 706 2949 uxor
726 2897 844 2966 ejus
873 2907 954 2951 est
979 2913 1194 2966 agressa
1223 2899 1494 2954 bellando.
1519 2901 1595 2955 lta
1620 2899 1819 2956 factum

221 2992 332 3047 est,
365 2995 422 3039 ut
462 2986 792 3057 quicumque
833 2989 882 3042 in
926 2989 1030 3043 illis
1076 2990 1238 3044 terris
1277 2993 1496 3060 pepuli,
1526 2993 1640 3048 sive
1666 3007 1822 3064 reges

223 3085 388 3140 erant,
415 3078 768 3148 Assyriorum
795 3097 958 3150 regno
979 3081 1276 3150 ditionique
1303 3092 1571 3150 parerent,
1595 3092 1650 3139 et
1667 3085 1824 3156 quid-

223 3167 342 3235 quid
373 3169 740 3237 imperaretur
769 3171 1062 3226 efﬁcerent.
1096 3171 1366 3226 Abraham
1395 3174 1558 3242 igitur
1577 3176 1630 3228 in
1650 3189 1716 3229 eo
1738 3189 1824 3231 ro-

223 3275 323 3330 gno
361 3263 504 3331 apud
553 3263 834 3319 Chaldaeos
878 3265 1001 3319 Nini
1031 3265 1360 3338 temporibus
1390 3277 1546 3323 natus
1576 3278 1678 3324 est.
1712 3267 1822 3326 Sed

224 3353 471 3421 quoniam
504 3369 600 3410 res
630 3354 836 3410 Graecae
865 3357 1033 3411 multo
1063 3367 1189 3412 sunt
1217 3358 1369 3414 nobis
1396 3375 1558 3430 quam
1587 3362 1822 3433 Assyriae

225 3447 461 3503 notiores
482 3490 500 3514 ,
543 3456 598 3503 et
648 3464 744 3518 per
775 3448 994 3504 Grzecos
1035 3451 1103 3505 ad
1154 3451 1404 3516 Latinos,
1439 3467 1501 3507 ac
1531 3453 1724 3510 deinde
1753 3455 1820 3510 ad

229 3537 529 3606 Romanos,
560 3541 646 3609 qui
675 3541 836 3596 etiam
871 3541 972 3611 ipsi
1004 3542 1178 3596 Latini
1208 3553 1356 3609 sunt,
1389 3552 1694 3613 temporum
1732 3561 1821 3601 se-

227 3632 352 3686 riem
383 3633 484 3688 ded
497 3644 732 3689 uxerunt
753 3636 840 3704 qui
865 3645 1078 3705 gentem
1111 3637 1289 3706 populi
1319 3637 1543 3692 Romani
1579 3639 1631 3693 in
1658 3641 1824 3708 origi-

229 3724 304 3777 nis
332 3725 450 3794 ejus
476 3727 804 3795 antiquitate
829 3727 1004 3782 rimati
1035 3737 1188 3793 sunt;
1211 3731 1280 3784 ob
1303 3729 1407 3784 hoc
1427 3731 1706 3798 debemus,
1730 3732 1824 3788 ubi

227 3831 355 3884 opus
398 3828 485 3873 est
511 3858 526 3884 ,
576 3819 827 3890 Assyrios
868 3834 1169 3875 memorare
1210 3835 1365 3891 reges
1402 3838 1415 3874 :
1464 3833 1522 3875 ut
1569 3833 1824 3892 appareat

229 3909 682 3977 quemadmodum
715 3910 1002 3982 Babylonia
1025 3952 1040 3977 ,
1071 3912 1223 3981 quasi
1255 3913 1426 3980 prima
1463 3913 1629 3966 lloma
1651 3953 1666 3977 ,
1695 3928 1821 3968 cum

231 4002 511 4070 peregrina
552 4001 603 4054 in
638 4000 740 4056 hoc
767 4001 966 4056 mundo
994 4002 1095 4055 Dei
1117 4003 1330 4057 civitate
1362 4011 1668 4074 procurrat.
1717 4003 1821 4060 Res

229 4101 398 4146 autem
427 4108 569 4163 quas
614 4103 834 4162 prepter
862 4095 1317 4162 comparationem
1357 4095 1591 4149 civitatis
1622 4096 1822 4150 utrius-

229 4198 326 4252 que
345 4226 358 4248 ,
399 4194 635 4240 terrena:
662 4185 870 4239 scilicet
897 4195 952 4240 et
976 4186 1213 4240 caelestis
1234 4227 1246 4249 ,
1277 4185 1402 4241 huic
1431 4188 1578 4256 Operi
1611 4196 1824 4256 oportet

230 4275 492 4342 inserere,
527 4279 694 4348 magis
719 4293 783 4332 ex
809 4274 1012 4334 Graecis
1037 4287 1091 4333 et
1120 4278 1343 4343 Latinis,
1377 4278 1466 4332 ubi
1495 4287 1549 4332 et
1578 4279 1689 4347 ipsa
1716 4279 1823 4335 Ro-

231 4383 309 4420 ma
340 4371 496 4437 quasi
530 4369 763 4424 secunda
793 4368 1086 4441 Babylonia
1115 4379 1217 4433 est,
1242 4370 1501 4426 debemus
1521 4387 1819 4426 assumere.

296 4463 346 4516 5.
389 4462 622 4530 Quando
652 4478 781 4532 ergo
812 4474 967 4516 natus
992 4471 1074 4517 est
1102 4464 1392 4524 Abraham.
1420 4465 1639 4520 secundi
1668 4481 1823 4533 reges

230 4562 410 4622 erant,
458 4555 603 4623 apud
654 4555 902 4626 Assyrios
947 4554 1152 4618 Ninus,
1198 4555 1338 4625 apud
1386 4556 1668 4626 Sicyonios
1711 4557 1823 4612 Eu-

232 4657 351 4713 r0ps
381 4645 452 4716 (c)
484 4662 497 4701 :
528 4646 685 4716 primi
715 4655 912 4714 autem,
945 4646 1056 4702 illic
1086 4646 1264 4714 Belus,
1293 4646 1380 4702 hic
1403 4645 1682 4718 Egialeus
1706 4649 1822 4704 fue—

232 4745 370 4790 runt.
395 4737 533 4792 Cum
568 4753 696 4793 vero
729 4753 948 4807 egresso
969 4739 1236 4794 Abraham
1263 4739 1331 4794 de
1359 4739 1667 4811 Babylonia,
1696 4757 1822 4813 pro-

235 4829 374 4884 misit
400 4831 452 4886 ei
482 4832 622 4886 Deus
650 4847 717 4886 ex
747 4833 837 4886 illo
865 4847 1111 4902 magnam
1143 4843 1354 4902 gentem
1383 4832 1616 4888 futuram
1636 4877 1652 4903 ,
1682 4845 1737 4890 et
1767 4837 1820 4890 in

235 4924 346 4989 ejus
372 4926 580 4980 semine
601 4925 840 4980 omnium
867 4926 1105 4996 gentium
1136 4925 1592 4994 benedictionem,
1618 4929 1822 4999 Assyrii

237 5027 475 5081 quartum
507 5033 687 5087 regem
715 5017 999 5081 habebant,
1026 5015 1259 5089 Sicyonii
1281 5018 1523 5088 quintum
1555 5037 1567 5074 :
1596 5020 1735 5088 apud
1760 5021 1823 5074 il-

239 5105 315 5160 los
339 5109 479 5165 enim
512 5112 767 5182 regnabat
795 5108 937 5166 ﬁlius
958 5110 1080 5166 Nini
1110 5123 1230 5182 post
1258 5122 1483 5167 matrem
1508 5113 1821 5168 Semirami-

236 5195 353 5253 dem
382 5243 398 5269 ,
454 5219 573 5271 qua:
602 5203 670 5258 ab
699 5203 794 5258 illo
821 5202 1102 5259 interfecta
1132 5205 1460 5274 perhibetur,
1493 5221 1621 5260 ausa
1651 5203 1818 5261 lilium

241 5299 404 5348 mater
455 5294 718 5350 incestare
770 5294 1081 5351 concubitu.
1134 5295 1283 5351 Hanc
1335 5307 1523 5366 putant
1573 5299 1817 5376 n'onnulli

299 5425 370 5490 (a)
408 5437 508 5479 tam
551 5430 674 5480 dixit
702 5442 850 5495 supra
893 5429 978 5495 lib.
1030 5431 1108 5488 16,
1146 5445 1252 5495 cap.
1278 5433 1354 5492 17,
1402 5440 1566 5482 natum
1592 5434 1821 5483 Abraha-

241 5499 365 5557 nium
392 5503 526 5557 anno
567 5493 820 5557 regnantis
863 5493 1375 5557 Nini_quadrag‘esimo
1417 5497 1581 5555 tertio,
1621 5505 1823 5545 secutus

240 5548 492 5618 Chronimn
537 5548 759 5618 EusEhii;
818 5567 914 5616 quo
952 5548 1031 5602 alii
1071 5548 1336 5618 iiiijiroliato
1366 5564 1525 5606 ortum
1569 5548 1822 5608 Abrabami

241 5612 297 5658 ad
309 5617 634 5677 ﬁeiniraniidis
649 5612 1355 5677 annum'vigesiinnm'tertium
1378 5620 1616 5668 referunt.

243 5672 502 5786 4.((l::1)p\oige
524 5679 660 5738 intra,
686 5691 790 5739 cap.
831 5672 922 5740 22ξ
948 5686 1001 5729 et
1021 5693 1184 5743 supra,
1204 5679 1289 5731 lib.
1317 5681 1393 5742 16,
1416 5695 1522 5747 cap.
1543 5682 1632 5744 d7,
1656 5688 1710 5732 et
1729 5677 1820 5734 lib.

274 5767 290 5794 ν
311 5752 414 5801 QP.
439 5752 484 5786 Ο.

305 5797 378 5859 (ε)
401 5802 630 5852 Eusebius
650 5801 702 5851 in
715 5800 887 5852 Chron.

1403 291 1604 350 LIBER
1644 292 1941 351 DECIMUS
1968 293 2306 352 OCTAVUS.

3419 290 3528 348 56!

1946 409 2248 464 condidisse
2293 409 2619 480 Babylonem
2643 451 2658 476 ,
2688 423 2846 480 quam
2872 408 3087 479 quidem
3125 408 3294 477 potuit
3320 408 3526 462 instan-

1936 514 2056 554 rare
2087 498 2184 572 (a).
2213 499 2437 568 Quando
2465 511 2643 557 autem
2661 543 2676 567 ,
2704 501 2788 556 vel
2817 499 3085 570 quomodo
3109 498 3320 554 condita
3343 497 3522 564 fuerit,

1937 590 1989 644 in
2020 599 2175 646 sexto
2195 592 2404 647 decimo
2433 593 2572 648 libro
2601 593 2840 648 diximus
2861 591 3106 664 (Cap.4).
3143 593 3335 646 Filium
3363 606 3525 660 porro

1934 683 2057 740 Nini
2085 696 2139 740 et
2165 685 2556 752 Semiramidis,
2588 689 2677 756 qui
2706 688 2858 741 matri
2892 687 3151 742 successit
3176 686 3229 740 in
3261 700 3524 756 regnum,

1934 776 2150 846 quidam
2181 778 2340 832 etiam
2373 778 2546 847 ipsum
2571 777 2789 845 Ninum,
2817 779 3032 849 quidam
3063 793 3192 833 vero
3219 777 3463 833 derivato
3493 792 3527 832 a

1934 878 2085 938 patre
2130 869 2389 924 vocabulo
2417 870 2642 938 Ninyam
2664 871 2680 901 ί
2710 880 2918 926 vocant.
2943 870 3312 941 Sicyoniorum
3343 879 3523 924 autem

1933 975 2157 1030 regnum
2187 971 2312 1016 tunc
2342 963 2556 1017 tenebat
2583 962 2806 1016 Telxion
2832 965 2874 1016 '.
2903 961 3020 1032 Quo
3063 971 3321 1031 regnante
3353 976 3523 1031 usque

1930 1052 2066 1108 adeo
2089 1053 2160 1107 ibi
2190 1052 2338 1108 mitia
2360 1064 2414 1109 et
2434 1055 2556 1110 laeta
2583 1064 2822 1123 tempora
2850 1054 3082 1117 fuerunt,
3111 1063 3168 1107 ut
3190 1069 3311 1107 eum
3334 1052 3523 1106 deiun-

1929 1153 2073 1198 ctum
2100 1145 2245 1199 velut
2271 1145 2431 1200 deum
2462 1144 2702 1200 colerent
2730 1145 3082 1199 sacriﬁcando
3103 1184 3117 1209 ,
3149 1154 3201 1198 et
3245 1144 3398 1198 ludos
3427 1159 3520 1198 ce-

1931 1237 2188 1293 lebrando
2208 1281 2221 1303 ,
2253 1254 2388 1309 quos
2415 1239 2461 1292 ei
2493 1238 2740 1307 primitus
2766 1239 3039 1292 institutos
3069 1237 3268 1292 ferunt.

1927 1331 2155 1388 CAPUT
2199 1333 2371 1387 lll.—
2391 1333 2583 1400 Quibus
2607 1332 2930 1403 regnantibus
2958 1333 3094 1403 apud
3119 1333 3353 1402 Assyrios
3373 1340 3522 1398 atque

2002 1423 2271 1494 Sicyonios
2299 1425 2516 1478 Abralue
2535 1424 2820 1478 centenario
2849 1422 2999 1477 Isaac
3024 1425 3085 1476 de
3107 1424 3435 1491 promissione
3457 1423 3521 1476 sit

2000 1527 2148 1571 natus
2168 1558 2184 1583 ,
2216 1519 2290 1572 vel
2318 1519 2418 1586 ipsi
2463 1517 2612 1572 Isaac
2639 1519 2968 1589 sexagenario
2999 1515 3141 1570 Esau
3167 1526 3215 1570 et
3238 1513 3402 1570 Jacob
3427 1531 3518 1587 ge-

1999 1610 2122 1662 mini
2152 1610 2214 1664 de
2239 1609 2463 1664 Rebecca
2492 1611 2590 1664 sint
2620 1611 2759 1664 editi.

2000 1701 2166 1770 Hujus
2197 1703 2526 1772 temporibus
2553 1703 2713 1756 etiam
2747 1703 2892 1756 Isaac
2921 1717 2992 1756 ex
3039 1701 3410 1775 promissione;
3424 1699 3519 1754 Dei

1928 1802 2083 1846 natus
2127 1804 2208 1848 cst
2255 1794 2572 1848 centenario
2616 1795 2752 1862 patri
2802 1794 2940 1847 ﬁlius
2981 1794 3208 1848 Abrahae
3251 1794 3318 1847 de
3359 1792 3518 1846 Sarra

1925 1889 2175 1959 conjuge,
2199 1905 2318 1958 qua:
2345 1890 2546 1943 sterilis
2574 1898 2626 1943 et
2659 1904 2794 1942 anus
2819 1887 2930 1957 jam
2952 1903 3102 1956 spem
3132 1886 3294 1954 prolis
3323 1886 3522 1939 amise—

1927 1990 2028 2035 rat.
2054 1981 2204 2036 Tunc
2235 1990 2290 2036 et
2308 1981 2543 2054 Assyriis
2567 1982 2781 2050 quintus
2803 1989 2919 2034 erat
2949 1995 3045 2033 rex
3072 1978 3258 2032 Arrius
3287 1975 3386 2046 (b).
3413 1972 3521 2042 Ipsi

1925 2087 2054 2127 vero
2084 2074 2228 2128 Isaac
2253 2074 2605 2143 sexagenario
2636 2074 2744 2125 nati
2774 2082 2896 2125 sunt
2925 2070 3144 2140 gemini,
3171 2069 3314 2124 Esau
3341 2078 3395 2122 et
3424 2066 3519 2123 Ja-

1926 2165 2047 2229 cob,
2081 2181 2214 2234 quos
2241 2167 2288 2220 ei
2325 2165 2567 2219 Rebecca
2596 2181 2730 2219 uxor
2757 2166 2984 2234 peperit,
3012 2179 3112 2218 avo
3139 2178 3324 2217 eorum
3352 2161 3524 2217 Abra-

1927 2257 2049 2312 ham
2081 2257 2256 2312 ad‘huc
2295 2258 2527 2322 vivente,
2561 2265 2616 2311 et
2643 2267 2857 2311 centum
2911 2257 3181 2324 sexaginta
3213 2254 3385 2308 aetatis
3427 2268 3523 2308 an-

1927 2364 2026 2403 nos
2054 2357 2244 2418 agente
2269 2367 2283 2404 :
2309 2350 2400 2418 qui
2433 2349 2660 2418 expletis
2686 2359 2902 2403 centum
2929 2348 3262 2416 septuaginta
3286 2345 3522 2415 quinque

1926 2438 2214 2495 defunctus
2241 2447 2357 2505 est;
2394 2440 2741 2508 regnantibus
2766 2439 2907 2509 apud
2938 2439 3186 2510 Assyrios
3211 2435 3392 2491 Xerxe
3422 2437 3520 2491 illo

1925 2531 2229 2600 antiquiore
2250 2572 2265 2596 ,
2295 2531 2386 2600 qui
2414 2531 2575 2585 etiam
2622 2531 2811 2585 Baleus
2843 2531 2919 2601 (a)
2949 2530 3262 2592 vocabatur,
3296 2537 3351 2582 et
3378 2527 3523 2596 apud

1925 2620 2205 2693 Sicyonios
2243 2621 2544 2690 Thuriaco,
2584 2638 2743 2692 quem
2789 2621 3006 2692 quidam
3047 2619 3463 2674 Thurimachum
3495 2617 3519 2650 ³

1925 2715 2190 2782 scribunt,
2213 2716 2457 2784 septimis
2482 2717 2718 2785 regibus.
2741 2714 2980 2785 Regnum
3003 2722 3180 2768 autem
3201 2714 3521 2783 Argivorum

1926 2809 2086 2864 simul
2113 2823 2234 2864 cum
2259 2809 2489 2862 Abrahae
2517 2808 2803 2878 nepotibus
2831 2818 3006 2861 ortum
3037 2816 3120 2861 est
3140 2849 3153 2871 ,
3187 2805 3277 2861 ubi
3319 2807 3522 2875 primus

1924 2899 2167 2969 regnavit
2196 2897 2442 2953 Inachus.
2477 2899 2616 2954 Sane
2638 2899 2778 2968 quod
2809 2899 3239 2966 praetereundum
3266 2912 3369 2950 non
3393 2895 3515 2964 fuit,

1925 2991 2088 3047 etiam
2112 2992 2251 3060 apud
2281 2991 2587 3060 sepulcrum
2619 2991 2832 3060 septimi
2864 2991 2942 3044 sui
2975 2991 3117 3060 regis
3144 2989 3397 3043 Thuriaci
3426 3004 3518 3043 sa-

1926 3084 2167 3139 criﬁcare
2193 3083 2472 3155 Sicyonios
2499 3084 2675 3140 solere
2693 3126 2709 3151 ,
2737 3083 2904 3138 Varro
2932 3084 3115 3137 refert.
3149 3082 3516 3156 Regnantihus

1927 3189 2089 3244 porro
2104 3176 2306 3230 octavis
2325 3176 2562 3244 regibus,
2588 3175 2913 3230 Armamitre
2939 3175 3299 3245 Assyriorum,
3318 3173 3526 3247 Sicyo-.

1927 3268 2139 3324 niorum
2166 3268 2456 3338 Leucippo,
2488 3278 2543 3324 et
2571 3269 2742 3339 primo
2773 3269 3086 3337 Argivorum
3121 3267 3337 3330 Inacho,
3374 3266 3516 3322 Deus

1927 3363 2139 3418 locutus
2177 3372 2262 3417 est
2302 3362 2369 3416 ad
2414 3362 2592 3427 Isaac,
2615 3371 2776 3432 atque
2808 3362 2908 3430 ipsi
2941 3377 3154 3430 quoque
3180 3360 3369 3414 eadem
3401 3373 3522 3428 quae

1926 3455 2064 3525 patri
2095 3453 2210 3524 ejus
2238 3453 2346 3508 duo
2374 3453 2462 3507 illa
2495 3453 2774 3523 promisit,
2806 3453 2996 3507 semini
3024 3452 3232 3506 scilicet
3261 3453 3376 3519 ejus
3407 3457 3521 3504 ter-

1927 3564 2040 3604 ram
2065 3545 2341 3611 Chanaan,
2369 3557 2422 3602 et
2451 3548 2502 3600 in
2530 3547 2649 3616 ejus
2677 3548 2886 3602 semine
2927 3545 3356 3600 benedictionem
3383 3559 3521 3598 cun-

1927 3649 2134 3695 ctarum
2165 3640 2425 3709 gentium.
2472 3638 2599 3694 Hzec
2624 3639 2736 3708 ipsa
2768 3637 3036 3708 promissa
3065 3645 3190 3691 sunt
3218 3636 3378 3689 etiam
3412 3634 3523 3688 ﬁlio

1927 3729 2074 3801 ejus;
2103 3731 2282 3799 nepoti
2309 3729 2561 3794 Abrahae,
2588 3730 2677 3799 qui
2709 3739 2792 3785 est
2817 3729 3115 3797 appellatus
3139 3728 3308 3796 primo
3331 3725 3518 3791 Jacob,

1925 3829 2051 3892 post
2075 3820 2278 3888 Israel,
2305 3835 2426 3875 cum
2454 3823 2565 3890 jam
2598 3820 2825 3875 Belocus
2855 3835 2947 3873 rex
2980 3835 3151 3872 nonus
3185 3818 3437 3888 Assyriis.
3467 3825 3525 3871 et

1928 3913 2244 3969 Phoroneus
2291 3914 2472 3970 Inachi
2522 3914 2660 3967 ﬁlius
2705 3913 2973 3967 secundus
3003 3919 3254 3981 regnaret
3284 3909 3520 3979 Argivis,

1926 4004 2201 4074 Leucippo
2221 4005 2396 4059 adhuc
2416 4005 2554 4074 apud
2578 4003 2859 4074 Sicyonios
2883 4012 3249 4072 permanente.
3273 4001 3364 4055 llis
3388 4011 3524 4056 tem-

1929 4097 2147 4166 poribus
2171 4094 2378 4151 Graecia
2399 4096 2499 4150 sub
2528 4095 2814 4150 Phoroneo
2843 4095 3094 4164 Argolico
3115 4110 3239 4163 rege
3269 4093 3443 4162 legum
3467 4103 3522 4147 et

1923 4191 2244 4259 judiciorum
2296 4189 2612 4258 quibusdam
2659 4189 2858 4242 clarior
2911 4187 3048 4242 facta
3093 4195 3175 4240 est
3225 4185 3520 4241 institutis:

1928 4283 2179 4353 Phegeus
2201 4292 2375 4337 tamen
2399 4282 2564 4336 frater
2587 4281 2744 4351 hujus
2772 4280 3036 4334 Phoronei
3059 4280 3262 4346 junior,
3289 4293 3411 4332 cum
3435 4293 3525 4332 es—

1928 4386 2011 4430 set
2039 4386 2302 4439 mortuus,
2331 4374 2399 4428 ad
2430 4375 2546 4443 ejus
2573 4374 2876 4443 sepulcrum
2910 4372 3166 4441 templum
3197 4379 3280 4426 est
3317 4371 3522 4426 consti-

1931 4470 2204 4534 tutum,,jn
2235 4483 2340 4536 quo
2367 4467 2640 4520 coleretur
2665 4475 2722 4518 ut
2749 4464 2902 4525 deus,
2927 4475 2982 4518 et
3007 4467 3054 4518 ei
3084 4463 3248 4518 boves
3278 4462 3525 4518 immola-

1928 4569 2133 4614 rentur.
2181 4557 2358 4612 Credo
2389 4557 2592 4610 honore
2625 4566 2772 4609 tanto
2811 4554 2934 4609 ideo
2964 4553 3185 4624 dignum
3229 4562 3519 4623 putarunt,

1929 4649 2052 4718 quia
2081 4649 2133 4703 in
2160 4649 2310 4717 regni
2349 4648 2430 4702 sui
2477 4655 2627 4715 parte
2673 4645 2865 4716 (pater
2891 4645 3087 4714 quippe
3118 4643 3232 4698 loca
3259 4643 3522 4698 ambobus

1927 4740 2289 4804 distribuerat,
2321 4741 2371 4793 in
2401 4738 2597 4807 quibus
2624 4737 2690 4791 eo
2719 4737 2934 4790 vivente
2960 4733 3268 4805 regnarent)
3302 4735 3402 4790 iste
3427 4751 3519 4791 sa-

1929 4833 2062 4888 cella
2091 4832 2445 4886 constituerat
2474 4829 2540 4883 ad
2571 4828 2826 4884 colendos
2855 4828 2987 4884 deos
3007 4869 3022 4893 ,
3055 4838 3108 4882 et
3143 4827 3397 4882 docuerat
3421 4828 3524 4882 ob-

1928 4927 2131 4982 servari
2165 4936 2405 4991 tempora
2435 4939 2532 4993 per
2559 4937 2774 4978 menses
2795 4931 2953 4992 atque
2973 4935 3164 4986 annos,
3184 4920 3312 4991 quid
3336 4937 3526 4977 eorum

1990 5040 2008 5070 ι
2043 5038 2191 5095 Editi,
2218 5035 2442 5100 A‘ingnm.
2471 5042 2525 5084 At
2547 5041 2654 5083 Mss.
2681 5045 2790 5100 cum
2817 5033 3049 5100 Eusebio,
3078 5030 3298 5100 pingam:

1989 5102 2011 5132 ²
2044 5091 2188 5159 miti,
2208 5091 2446 5148 ’I‘elefrion.
2466 5096 2774 5159 Manuscripti
2794 5108 2932 5159 vero,
2958 5091 3188 5159 Telxion}
3210 5092 3292 5159 γει
3321 5091 3524 5159 Telsr'on.

1992 5164 2013 5195 ³
2046 5153 2234 5223 Aliquot
2248 5168 2352 5209 Mss.
2362 5196 2375 5217 ,
2391 5153 2728 5223 Tliirimacum'.
2745 5158 2978 5206 Eusebius
2993 5170 3128 5217 vero,
3138 5166 3164 5204 1
3168 5153 3522 5223 hiramacltupt.

1991 5224 2064 5288 (a)
2092 5218 2379 5285 Babylonem
2397 5220 2763 5288 a_5eniirat_nide
2785 5225 3325 5288 exstructamasserunt
3346 5218 3521 5288 Iliado-

1926 5278 2028 5348 rus,
2044 5278 2267 5334 'Justinus
2291 5293 2343 5333 et
2365 5283 2462 5332 alii.
2489 5282 2904 5348 .tosephusvero,
2929 5280 3178 5348 Eusebius,
3203 5278 3520 5348 Marcellinus,

1927 5341 2124 5410 aliique,
2156 5349 2473 5410 iustam-stam
2489 5341 2787 5410 solummodo
2813 5343 2878 5410 ab
2909 5354 2966 5410 ea
3010 5342 3190 5410 dicunt,
3235 5348 3286 5410 et
3323 5341 3522 5410 amplis:

1927 5399 2051 5458 Simo
2096 5399 2325 5457 [ninnium
2351 5408 2533 5455 ambitu
2557 5408 2778 5463 cinctam,
2799 5405 2881 5466 qui
2922 5405 3050 5452 inter
3088 5399 3318 5466 miracula
3353 5399 3522 5466 mundi

1927 5479 2227 5581 pumeratur,
2255 5470 2508 5532 stadiaque
2526 5461 2882 5530 quadringenta
2905 5473 2958 5516 et
2978 5465 3221 5526 octoginta
3242 5461 3398 5514 fertur
3419 5462 3522 5514 col-

1949 5547 2132 5581 821558.

1949 5547 2132 5596 egisse.

1993 5616 2066 5677 (b)
2094 5616 2284 5664 Eusebii
2326 5613 2498 5678 Chron.
2519 5646 2534 5671 ,
2581 5609 2789 5659 .4nalt'us.
2814 5636 2876 5646 —
2897 5616 2963 5660 Ex
2980 5674 2988 5678 _
3007 5609 3186 5659 nostris
3217 5617 3272 5678 et
3299 5621 3391 5678 ex_
3408 5606 3518 5671 plu-

1924 5669 2082 5793 me]
2108 5685 2186 5786 Ρῗὶ
2225 5669 2646 5729 Benedictinot-um
2686 5680 2793 5722 ass.
2821 5674 3121 5736 reponimus,
3163 5669 3345 5723 Arrius.
3371 5669 3518 5735 [Ara-

1991 5739 2082 5864 z'}
2089 5746 2224 5863 Δί)ῗό
2238 5799 2510 5860 Eusebium,
2539 5795 2792 5848 Balaneus.
