  <div class='ocr_page' id='page_1' title='image "/cluster/home/n/w/nwhite01/storage/ocr_20150623/40-41/uva.x000217726/984.png"; bbox 0 0 3882 6396; ppageno 0'>
   <div class='ocr_carea' id='block_1_1' title="bbox 237 221 2266 320">
    <p class='ocr_par' dir='ltr' id='par_1_1' title="bbox 237 221 2266 320">
     <span class='ocr_line' id='line_1_1' title="bbox 237 221 2266 320; baseline -0.01 -25"><span class='ocrx_word' id='word_1_1' title='bbox 237 245 328 304; x_wconf 72' lang='lat' dir='ltr'><strong>ser;</strong></span> <span class='ocrx_word' id='word_1_2' title='bbox 1355 223 1554 302; x_wconf 78' lang='lat' dir='ltr'><strong>Ltosu</strong></span> <span class='ocrx_word' id='word_1_3' title='bbox 1598 221 1894 312; x_wconf 70' lang='lat' dir='ltr'><strong>beamus</strong></span> <span class='ocrx_word' id='word_1_4' title='bbox 1932 221 2266 320; x_wconf 58' lang='lat' dir='ltr'><strong>OQTAYtJS.</strong></span> 
     </span>
    </p>
   </div>
   <div class='ocr_carea' id='block_1_2' title="bbox 227 341 1777 416">
    <p class='ocr_par' dir='ltr' id='par_1_2' title="bbox 227 341 1777 416">
     <span class='ocr_line' id='line_1_2' title="bbox 227 341 1777 416; baseline -0.011 -5"><span class='ocrx_word' id='word_1_5' title='bbox 227 363 450 411; x_wconf 79' lang='lat' dir='ltr'><strong>mam:..to</strong></span> <span class='ocrx_word' id='word_1_6' title='bbox 480 349 619 416; x_wconf 82' lang='lat' dir='ltr'><strong>Argo</strong></span> <span class='ocrx_word' id='word_1_7' title='bbox 647 388 662 415; x_wconf 94' lang='lat'><strong>,</strong></span> <span class='ocrx_word' id='word_1_8' title='bbox 693 351 937 400; x_wconf 87' lang='lat' dir='ltr'><strong>mortuus</strong></span> <span class='ocrx_word' id='word_1_9' title='bbox 960 351 1042 399; x_wconf 85' lang='lat' dir='ltr'><strong>est</strong></span> <span class='ocrx_word' id='word_1_10' title='bbox 1069 341 1270 414; x_wconf 85' lang='lat' dir='ltr'><strong>Joseph</strong></span> <span class='ocrx_word' id='word_1_11' title='bbox 1321 342 1372 396; x_wconf 93' lang='lat' dir='ltr'><strong>in</strong></span> <span class='ocrx_word' id='word_1_12' title='bbox 1423 341 1654 416; x_wconf 68' lang='lat' dir='ltr'><strong>Egypto</strong></span> <span class='ocrx_word' id='word_1_13' title='bbox 1681 358 1777 394; x_wconf 82' lang='lat' dir='ltr'><strong>an—</strong></span> 
     </span>
    </p>
   </div>
   <div class='ocr_carea' id='block_1_3' title="bbox 223 423 1780 508">
    <p class='ocr_par' dir='ltr' id='par_1_3' title="bbox 223 423 1780 508">
     <span class='ocr_line' id='line_1_3' title="bbox 223 423 1780 508; baseline -0.01 -5"><span class='ocrx_word' id='word_1_14' title='bbox 223 431 394 504; x_wconf 68' lang='lat' dir='ltr'><strong>norum</strong></span> <span class='ocrx_word' id='word_1_15' title='bbox 423 433 656 496; x_wconf 72' lang='lat' dir='ltr'><strong>&#39;ceutur&#39;d</strong></span> <span class='ocrx_word' id='word_1_16' title='bbox 691 423 1177 508; x_wconf 59' lang='lat' dir='ltr'><strong>&#39;et&#39;dece&#39;mjcen.</strong></span> <span class='ocrx_word' id='word_1_17' title='bbox 1219 431 1273 490; x_wconf 85' lang='grc' dir='ltr'><strong>ι’.</strong></span> <span class='ocrx_word' id='word_1_18' title='bbox 1301 431 1435 504; x_wconf 73' lang='lat'><strong>25).</strong></span> <span class='ocrx_word' id='word_1_19' title='bbox 1481 433 1604 488; x_wconf 92' lang='lat' dir='ltr'><strong>Post</strong></span> <span class='ocrx_word' id='word_1_20' title='bbox 1629 434 1780 502; x_wconf 87' lang='lat' dir='ltr'><strong>cujus</strong></span> 
     </span>
    </p>
   </div>
   <div class='ocr_carea' id='block_1_4' title="bbox 219 509 1778 602">
    <p class='ocr_par' dir='ltr' id='par_1_4' title="bbox 219 509 1778 602">
     <span class='ocr_line' id='line_1_4' title="bbox 219 509 1778 602; baseline -0.008 -10"><span class='ocrx_word' id='word_1_21' title='bbox 219 529 430 593; x_wconf 78' lang='lat' dir='ltr'><strong>mortem</strong></span> <span class='ocrx_word' id='word_1_22' title='bbox 457 525 685 602; x_wconf 82' lang='lat' dir='ltr'><strong>populus</strong></span> <span class='ocrx_word' id='word_1_23' title='bbox 727 523 820 584; x_wconf 86' lang='lat' dir='ltr'><strong>Dei</strong></span> <span class='ocrx_word' id='word_1_24' title='bbox 866 509 1176 582; x_wconf 78' lang='lat' dir='ltr'><strong>mirabiliter</strong></span> <span class='ocrx_word' id='word_1_25' title='bbox 1216 521 1462 581; x_wconf 73' lang='lat' dir='ltr'><strong>éresccns</strong></span> <span class='ocrx_word' id='word_1_26' title='bbox 1491 525 1685 580; x_wconf 84' lang='lat' dir='ltr'><strong>mansit</strong></span> <span class='ocrx_word' id='word_1_27' title='bbox 1727 525 1778 580; x_wconf 92' lang='lat' dir='ltr'><strong>in</strong></span> 
     </span>
    </p>
   </div>
   <div class='ocr_carea' id='block_1_5' title="bbox 219 611 1776 708">
    <p class='ocr_par' dir='ltr' id='par_1_5' title="bbox 219 611 1776 708">
     <span class='ocr_line' id='line_1_5' title="bbox 219 611 1776 708; baseline -0.009 -22"><span class='ocrx_word' id='word_1_28' title='bbox 219 627 430 700; x_wconf 68' lang='lat' dir='ltr'><strong>Egypto</strong></span> <span class='ocrx_word' id='word_1_29' title='bbox 465 617 686 679; x_wconf 79' lang='lat' dir='ltr'><strong>centum</strong></span> <span class='ocrx_word' id='word_1_30' title='bbox 739 619 1080 693; x_wconf 75' lang='lat' dir='ltr'><strong>quadraginta</strong></span> <span class='ocrx_word' id='word_1_31' title='bbox 1119 611 1355 708; x_wconf 77' lang='lat' dir='ltr'><strong>quinque</strong></span> <span class='ocrx_word' id='word_1_32' title='bbox 1395 633 1560 672; x_wconf 87' lang='lat' dir='ltr'><strong>annos</strong></span> <span class='ocrx_word' id='word_1_33' title='bbox 1583 659 1597 682; x_wconf 96' lang='lat'><strong>,</strong></span> <span class='ocrx_word' id='word_1_34' title='bbox 1629 629 1776 672; x_wconf 88' lang='lat' dir='ltr'><strong>trau-</strong></span> 
     </span>
    </p>
   </div>
   <div class='ocr_carea' id='block_1_6' title="bbox 217 701 1778 796">
    <p class='ocr_par' dir='ltr' id='par_1_6' title="bbox 217 701 1778 796">
     <span class='ocr_line' id='line_1_6' title="bbox 217 701 1778 796; baseline -0.007 -22"><span class='ocrx_word' id='word_1_35' title='bbox 217 719 364 790; x_wconf 92' lang='lat' dir='ltr'><strong>quille</strong></span> <span class='ocrx_word' id='word_1_36' title='bbox 389 713 530 786; x_wconf 86' lang='lat' dir='ltr'><strong>prius</strong></span> <span class='ocrx_word' id='word_1_37' title='bbox 549 755 565 780; x_wconf 94' lang='lat'><strong>,</strong></span> <span class='ocrx_word' id='word_1_38' title='bbox 593 711 764 768; x_wconf 77' lang='lat' dir='ltr'><strong>denec</strong></span> <span class='ocrx_word' id='word_1_39' title='bbox 791 707 1124 768; x_wconf 85' lang='lat' dir='ltr'><strong>morerentur</strong></span> <span class='ocrx_word' id='word_1_40' title='bbox 1163 701 1360 780; x_wconf 78' lang='lat' dir='ltr'><strong>quibus</strong></span> <span class='ocrx_word' id='word_1_41' title='bbox 1397 705 1592 778; x_wconf 82' lang='lat' dir='ltr'><strong>Joscph</strong></span> <span class='ocrx_word' id='word_1_42' title='bbox 1622 719 1778 796; x_wconf 83' lang='lat' dir='ltr'><strong>notus</strong></span> 
     </span>
    </p>
   </div>
   <div class='ocr_carea' id='block_1_7' title="bbox 217 797 1776 884">
    <p class='ocr_par' dir='ltr' id='par_1_7' title="bbox 217 797 1776 884">
     <span class='ocr_line' id='line_1_7' title="bbox 217 797 1776 884; baseline -0.006 -20"><span class='ocrx_word' id='word_1_43' title='bbox 217 805 305 864; x_wconf 91' lang='lat' dir='ltr'><strong>l&#39;uit</strong></span> <span class='ocrx_word' id='word_1_44' title='bbox 330 826 342 862; x_wconf 91' lang='lat'><strong>:</strong></span> <span class='ocrx_word' id='word_1_45' title='bbox 369 805 558 862; x_wconf 88' lang='lat' dir='ltr'><strong>deinde</strong></span> <span class='ocrx_word' id='word_1_46' title='bbox 580 805 698 873; x_wconf 82' lang='lat' dir='ltr'><strong>quia</strong></span> <span class='ocrx_word' id='word_1_47' title='bbox 725 797 1410 858; x_wconf 81' lang='lat' dir='ltr'><strong>iuvidebaturincrementis</strong></span> <span class='ocrx_word' id='word_1_48' title='bbox 1429 802 1561 884; x_wconf 84' lang='lat' dir='ltr'><strong>ejus,</strong></span> <span class='ocrx_word' id='word_1_49' title='bbox 1591 810 1776 884; x_wconf 45' lang='lat' dir='ltr'><strong>erantf</strong></span> 
     </span>
    </p>
   </div>
   <div class='ocr_carea' id='block_1_8' title="bbox 216 879 1772 971">
    <p class='ocr_par' dir='ltr' id='par_1_8' title="bbox 216 879 1772 971">
     <span class='ocr_line' id='line_1_8' title="bbox 216 879 1772 971; baseline -0.004 -18"><span class='ocrx_word' id='word_1_50' title='bbox 216 917 306 971; x_wconf 90' lang='lat' dir='ltr'><strong>quc</strong></span> <span class='ocrx_word' id='word_1_51' title='bbox 325 889 584 968; x_wconf 72' lang='lat' dir='ltr'><strong>suSpeeta,</strong></span> <span class='ocrx_word' id='word_1_52' title='bbox 614 911 888 967; x_wconf 86' lang='lat' dir='ltr'><strong>quousque</strong></span> <span class='ocrx_word' id='word_1_53' title='bbox 919 891 1040 949; x_wconf 80' lang='lat' dir='ltr'><strong>inde</strong></span> <span class='ocrx_word' id='word_1_54' title='bbox 1083 893 1415 958; x_wconf 78' lang='lat' dir='ltr'><strong>liberaretur,</strong></span> <span class='ocrx_word' id='word_1_55' title='bbox 1447 879 1772 961; x_wconf 73' lang='lat' dir='ltr'><strong>persecutio-</strong></span> 
     </span>
    </p>
   </div>
   <div class='ocr_carea' id='block_1_9' title="bbox 215 983 1771 1064">
    <p class='ocr_par' dir='ltr' id='par_1_9' title="bbox 215 983 1771 1064">
     <span class='ocr_line' id='line_1_9' title="bbox 215 983 1771 1064; baseline -0.008 -16"><span class='ocrx_word' id='word_1_56' title='bbox 215 993 356 1048; x_wconf 88' lang='lat' dir='ltr'><strong>nibus</strong></span> <span class='ocrx_word' id='word_1_57' title='bbox 375 994 390 1022; x_wconf 84' lang='grc'>¹</span> <span class='ocrx_word' id='word_1_58' title='bbox 417 991 574 1064; x_wconf 88' lang='lat' dir='ltr'><strong>(inter</strong></span> <span class='ocrx_word' id='word_1_59' title='bbox 595 1005 726 1059; x_wconf 90' lang='lat' dir='ltr'><strong>quas</strong></span> <span class='ocrx_word' id='word_1_60' title='bbox 747 999 918 1042; x_wconf 87' lang='lat' dir='ltr'><strong>tamen</strong></span> <span class='ocrx_word' id='word_1_61' title='bbox 939 987 1189 1041; x_wconf 89' lang='lat' dir='ltr'><strong>divinitus</strong></span> <span class='ocrx_word' id='word_1_62' title='bbox 1217 983 1491 1040; x_wconf 75' lang='lat' dir='ltr'><strong>fecundat-.1</strong></span> <span class='ocrx_word' id='word_1_63' title='bbox 1519 983 1771 1052; x_wconf 89' lang='lat' dir='ltr'><strong>multipli-</strong></span> 
     </span>
    </p>
   </div>
   <div class='ocr_carea' id='block_1_10' title="bbox 213 1077 1769 1152">
    <p class='ocr_par' dir='ltr' id='par_1_10' title="bbox 213 1077 1769 1152">
     <span class='ocr_line' id='line_1_10' title="bbox 213 1077 1769 1152; baseline -0.007 -12"><span class='ocrx_word' id='word_1_64' title='bbox 213 1089 404 1142; x_wconf 87' lang='lat' dir='ltr'><strong>catione</strong></span> <span class='ocrx_word' id='word_1_65' title='bbox 429 1079 738 1152; x_wconf 83' lang='lat' dir='ltr'><strong>crescebat)</strong></span> <span class='ocrx_word' id='word_1_66' title='bbox 767 1091 818 1136; x_wconf 90' lang='lat' dir='ltr'><strong>et</strong></span> <span class='ocrx_word' id='word_1_67' title='bbox 843 1081 1111 1134; x_wconf 86' lang='lat' dir='ltr'><strong>laboribus</strong></span> <span class='ocrx_word' id='word_1_68' title='bbox 1135 1077 1472 1149; x_wconf 84' lang='lat' dir='ltr'><strong>premebatur</strong></span> <span class='ocrx_word' id='word_1_69' title='bbox 1509 1077 1769 1130; x_wconf 86' lang='lat' dir='ltr'><strong>intolera-</strong></span> 
     </span>
    </p>
   </div>
   <div class='ocr_carea' id='block_1_11' title="bbox 213 1168 1770 1242">
    <p class='ocr_par' dir='ltr' id='par_1_11' title="bbox 213 1168 1770 1242">
     <span class='ocr_line' id='line_1_11' title="bbox 213 1168 1770 1242; baseline -0.006 -11"><span class='ocrx_word' id='word_1_70' title='bbox 213 1179 320 1232; x_wconf 84' lang='lat' dir='ltr'><strong>bilis</strong></span> <span class='ocrx_word' id='word_1_71' title='bbox 347 1176 629 1230; x_wconf 89' lang='lat' dir='ltr'><strong>servitutis.</strong></span> <span class='ocrx_word' id='word_1_72' title='bbox 667 1175 720 1227; x_wconf 91' lang='lat' dir='ltr'><strong>ln</strong></span> <span class='ocrx_word' id='word_1_73' title='bbox 757 1173 970 1242; x_wconf 76' lang='lat' dir='ltr'><strong>Assyria</strong></span> <span class='ocrx_word' id='word_1_74' title='bbox 1009 1186 1136 1226; x_wconf 86' lang='lat' dir='ltr'><strong>vero</strong></span> <span class='ocrx_word' id='word_1_75' title='bbox 1175 1179 1228 1225; x_wconf 91' lang='lat' dir='ltr'><strong>et</strong></span> <span class='ocrx_word' id='word_1_76' title='bbox 1257 1169 1458 1225; x_wconf 71' lang='lat' dir='ltr'><strong>Gratcia</strong></span> <span class='ocrx_word' id='word_1_77' title='bbox 1501 1183 1596 1238; x_wconf 89' lang='lat' dir='ltr'><strong>per</strong></span> <span class='ocrx_word' id='word_1_78' title='bbox 1633 1168 1770 1223; x_wconf 89' lang='lat' dir='ltr'><strong>idem</strong></span> 
     </span>
    </p>
   </div>
   <div class='ocr_carea' id='block_1_12' title="bbox 210 1253 1508 1336">
    <p class='ocr_par' dir='ltr' id='par_1_12' title="bbox 210 1253 1508 1336">
     <span class='ocr_line' id='line_1_12' title="bbox 210 1253 1508 1336; baseline -0.008 -12"><span class='ocrx_word' id='word_1_79' title='bbox 210 1280 402 1336; x_wconf 84' lang='lat' dir='ltr'><strong>tempus</strong></span> <span class='ocrx_word' id='word_1_80' title='bbox 434 1253 592 1336; x_wconf 78' lang='lat' dir='ltr'><strong>regna</strong></span> <span class='ocrx_word' id='word_1_81' title='bbox 617 1265 801 1321; x_wconf 83' lang='lat' dir='ltr'><strong>eadem</strong></span> <span class='ocrx_word' id='word_1_82' title='bbox 833 1263 1224 1336; x_wconf 80' lang='lat' dir='ltr'><strong>permanebant.</strong></span> <span class='ocrx_word' id='word_1_83' title='bbox 1505 1269 1508 1274; x_wconf 91' lang='lat'>&#39;</span> 
     </span>
    </p>
   </div>
   <div class='ocr_carea' id='block_1_13' title="bbox 207 1357 1772 1456">
    <p class='ocr_par' dir='ltr' id='par_1_13' title="bbox 207 1357 1772 1456">
     <span class='ocr_line' id='line_1_13' title="bbox 207 1357 1772 1456; baseline -0.004 -21"><span class='ocrx_word' id='word_1_84' title='bbox 207 1379 414 1434; x_wconf 74' lang='lat' dir='ltr'><strong>CAPUT</strong></span> <span class='ocrx_word' id='word_1_85' title='bbox 443 1378 576 1456; x_wconf 71' lang='lat' dir='ltr'><strong>Vlll.</strong></span> <span class='ocrx_word' id='word_1_86' title='bbox 607 1407 680 1418; x_wconf 91' lang='lat'><strong>—-</strong></span> <span class='ocrx_word' id='word_1_87' title='bbox 711 1357 935 1454; x_wconf 71' lang='lat' dir='ltr'><strong>Quorum</strong></span> <span class='ocrx_word' id='word_1_88' title='bbox 975 1393 1142 1446; x_wconf 86' lang='lat' dir='ltr'><strong>regum</strong></span> <span class='ocrx_word' id='word_1_89' title='bbox 1186 1383 1331 1456; x_wconf 69' lang='lat' dir='ltr'><strong>(etate</strong></span> <span class='ocrx_word' id='word_1_90' title='bbox 1371 1373 1570 1446; x_wconf 78' lang='lat' dir='ltr'><strong>Moyses</strong></span> <span class='ocrx_word' id='word_1_91' title='bbox 1620 1383 1772 1456; x_wconf 76' lang='lat' dir='ltr'><strong>natus</strong></span> 
     </span>
    </p>
   </div>
   <div class='ocr_carea' id='block_1_14' title="bbox 269 1449 1773 1542">
    <p class='ocr_par' dir='ltr' id='par_1_14' title="bbox 269 1449 1773 1542">
     <span class='ocr_line' id='line_1_14' title="bbox 269 1449 1773 1542; baseline -0.005 -16"><span class='ocrx_word' id='word_1_92' title='bbox 269 1473 348 1540; x_wconf 77' lang='lat' dir='ltr'><strong>sit,</strong></span> <span class='ocrx_word' id='word_1_93' title='bbox 391 1483 436 1526; x_wconf 86' lang='lat' dir='ltr'><strong>et</strong></span> <span class='ocrx_word' id='word_1_94' title='bbox 481 1449 694 1542; x_wconf 73' lang='lat' dir='ltr'><strong>quorum</strong></span> <span class='ocrx_word' id='word_1_95' title='bbox 732 1451 940 1524; x_wconf 76' lang='lat' dir='ltr'><strong>deorum</strong></span> <span class='ocrx_word' id='word_1_96' title='bbox 987 1469 1162 1522; x_wconf 78' lang='lat' dir='ltr'><strong>iisdem</strong></span> <span class='ocrx_word' id='word_1_97' title='bbox 1208 1451 1510 1540; x_wconf 70' lang='lat' dir='ltr'><strong>temporibus</strong></span> <span class='ocrx_word' id='word_1_98' title='bbox 1553 1467 1614 1521; x_wconf 81' lang='lat' dir='ltr'><strong>sit</strong></span> <span class='ocrx_word' id='word_1_99' title='bbox 1662 1449 1773 1520; x_wconf 78' lang='lat' dir='ltr'><strong>orta</strong></span> 
     </span>
    </p>
   </div>
   <div class='ocr_carea' id='block_1_15' title="bbox 267 1545 1588 1634">
    <p class='ocr_par' dir='ltr' id='par_1_15' title="bbox 267 1545 1588 1634">
     <span class='ocr_line' id='line_1_15' title="bbox 267 1545 1588 1634; baseline -0.006 -17"><span class='ocrx_word' id='word_1_100' title='bbox 267 1563 450 1634; x_wconf 76' lang='lat' dir='ltr'><strong>religio.</strong></span> <span class='ocrx_word' id='word_1_101' title='bbox 923 1545 930 1554; x_wconf 65' lang='grc'><em>’</em></span> <span class='ocrx_word' id='word_1_102' title='bbox 1581 1547 1588 1552; x_wconf 65' lang='grc'><em>’</em></span> 
     </span>
    </p>
   </div>
   <div class='ocr_carea' id='block_1_16' title="bbox 265 1669 1771 1752">
    <p class='ocr_par' dir='ltr' id='par_1_16' title="bbox 265 1669 1771 1752">
     <span class='ocr_line' id='line_1_16' title="bbox 265 1669 1771 1752; baseline -0.004 -22"><span class='ocrx_word' id='word_1_103' title='bbox 265 1677 388 1730; x_wconf 90' lang='lat' dir='ltr'><strong>Cum</strong></span> <span class='ocrx_word' id='word_1_104' title='bbox 431 1689 560 1746; x_wconf 86' lang='lat' dir='ltr'><strong>ergo</strong></span> <span class='ocrx_word' id='word_1_105' title='bbox 599 1684 846 1746; x_wconf 87' lang='lat' dir='ltr'><strong>regnaret</strong></span> <span class='ocrx_word' id='word_1_106' title='bbox 873 1673 1106 1746; x_wconf 84' lang='lat' dir='ltr'><strong>Assyriis</strong></span> <span class='ocrx_word' id='word_1_107' title='bbox 1131 1682 1350 1752; x_wconf 78' lang='lat' dir='ltr'><strong>quartus</strong></span> <span class='ocrx_word' id='word_1_108' title='bbox 1402 1672 1639 1752; x_wconf 88' lang='lat' dir='ltr'><strong>decimus</strong></span> <span class='ocrx_word' id='word_1_109' title='bbox 1671 1669 1771 1725; x_wconf 91' lang='lat' dir='ltr'><strong>Sa-</strong></span> 
     </span>
    </p>
   </div>
   <div class='ocr_carea' id='block_1_17' title="bbox 203 1689 1770 1838">
    <p class='ocr_par' dir='ltr' id='par_1_17' title="bbox 203 1689 1770 1838">
     <span class='ocr_line' id='line_1_17' title="bbox 265 1689 1770 1752; baseline -0.004 -22"><span class='ocrx_word' id='word_1_110' title='bbox 265 1689 388 1730; x_wconf 73' lang='lat' dir='ltr'><strong>uum</strong></span> <span class='ocrx_word' id='word_1_111' title='bbox 431 1689 560 1746; x_wconf 86' lang='lat' dir='ltr'><strong>ergo</strong></span> <span class='ocrx_word' id='word_1_112' title='bbox 599 1689 846 1746; x_wconf 77' lang='lat' dir='ltr'><strong>regnaret</strong></span> <span class='ocrx_word' id='word_1_113' title='bbox 873 1689 1106 1746; x_wconf 86' lang='lat' dir='ltr'><strong>Assyrus</strong></span> <span class='ocrx_word' id='word_1_114' title='bbox 1171 1689 1350 1726; x_wconf 90' lang='lat' dir='ltr'><strong>uartus</strong></span> <span class='ocrx_word' id='word_1_115' title='bbox 1402 1689 1639 1752; x_wconf 73' lang='lat' dir='ltr'><strong>decimus</strong></span> <span class='ocrx_word' id='word_1_116' title='bbox 1672 1689 1770 1725; x_wconf 70' lang='lat' dir='ltr'><strong>Sa-</strong></span> 
     </span>
     <span class='ocr_line' id='line_1_18' title="bbox 203 1689 1770 1838; baseline -0.003 -17"><span class='ocrx_word' id='word_1_117' title='bbox 203 1767 372 1838; x_wconf 88' lang='lat' dir='ltr'><strong>pbrus,</strong></span> <span class='ocrx_word' id='word_1_118' title='bbox 400 1777 454 1822; x_wconf 91' lang='lat' dir='ltr'><strong>et</strong></span> <span class='ocrx_word' id='word_1_119' title='bbox 483 1767 750 1838; x_wconf 89' lang='lat' dir='ltr'><strong>Sicyoniis</strong></span> <span class='ocrx_word' id='word_1_120' title='bbox 777 1689 1459 1834; x_wconf 50' lang='lat' dir='ltr'><strong>duodecimusﬁhtlmpolis,</strong></span> <span class='ocrx_word' id='word_1_121' title='bbox 1486 1751 1770 1818; x_wconf 44' lang='lat' dir='ltr'><strong>etC&#39;riasus</strong></span> 
     </span>
    </p>
   </div>
   <div class='ocr_carea' id='block_1_18' title="bbox 203 1849 1769 1930">
    <p class='ocr_par' dir='ltr' id='par_1_18' title="bbox 203 1849 1769 1930">
     <span class='ocr_line' id='line_1_19' title="bbox 203 1849 1769 1930; baseline -0.004 -17"><span class='ocrx_word' id='word_1_122' title='bbox 203 1861 399 1930; x_wconf 86' lang='lat' dir='ltr'><strong>quintus</strong></span> <span class='ocrx_word' id='word_1_123' title='bbox 429 1849 658 1928; x_wconf 78' lang='lat' dir='ltr'><strong>Argivis,</strong></span> <span class='ocrx_word' id='word_1_124' title='bbox 711 1869 864 1913; x_wconf 91' lang='lat' dir='ltr'><strong>natus</strong></span> <span class='ocrx_word' id='word_1_125' title='bbox 907 1869 988 1912; x_wconf 89' lang='lat' dir='ltr'><strong>est</strong></span> <span class='ocrx_word' id='word_1_126' title='bbox 1029 1859 1078 1912; x_wconf 89' lang='lat' dir='ltr'><strong>in</strong></span> <span class='ocrx_word' id='word_1_127' title='bbox 1125 1849 1359 1928; x_wconf 67' lang='lat' dir='ltr'><strong>Egypto</strong></span> <span class='ocrx_word' id='word_1_128' title='bbox 1399 1856 1628 1925; x_wconf 78' lang='lat' dir='ltr'><strong>Moyses,</strong></span> <span class='ocrx_word' id='word_1_129' title='bbox 1675 1867 1769 1922; x_wconf 91' lang='lat' dir='ltr'><strong>per</strong></span> 
     </span>
    </p>
   </div>
   <div class='ocr_carea' id='block_1_19' title="bbox 201 1949 1764 2020">
    <p class='ocr_par' dir='ltr' id='par_1_19' title="bbox 201 1949 1764 2020">
     <span class='ocr_line' id='line_1_20' title="bbox 201 1949 1764 2020; baseline -0.003 -16"><span class='ocrx_word' id='word_1_130' title='bbox 201 1965 340 2020; x_wconf 85' lang='lat' dir='ltr'><strong>quem</strong></span> <span class='ocrx_word' id='word_1_131' title='bbox 362 1951 588 2020; x_wconf 80' lang='lat' dir='ltr'><strong>pepulus</strong></span> <span class='ocrx_word' id='word_1_132' title='bbox 619 1951 710 2006; x_wconf 83' lang='lat' dir='ltr'><strong>Dei</strong></span> <span class='ocrx_word' id='word_1_133' title='bbox 731 1950 796 2004; x_wconf 89' lang='lat' dir='ltr'><strong>de</strong></span> <span class='ocrx_word' id='word_1_134' title='bbox 823 1949 1082 2004; x_wconf 87' lang='lat' dir='ltr'><strong>servitute</strong></span> <span class='ocrx_word' id='word_1_135' title='bbox 1109 1950 1358 2020; x_wconf 69' lang='lat' dir='ltr'><strong>Aﬂgyptia</strong></span> <span class='ocrx_word' id='word_1_136' title='bbox 1385 1949 1636 2004; x_wconf 85' lang='lat' dir='ltr'><strong>liberatus</strong></span> <span class='ocrx_word' id='word_1_137' title='bbox 1661 1953 1764 2010; x_wconf 89' lang='lat' dir='ltr'><strong>est,</strong></span> 
     </span>
    </p>
   </div>
   <div class='ocr_carea' id='block_1_20' title="bbox 201 2037 1766 2110">
    <p class='ocr_par' dir='ltr' id='par_1_20' title="bbox 201 2037 1766 2110">
     <span class='ocr_line' id='line_1_21' title="bbox 201 2037 1766 2110; baseline -0.002 -16"><span class='ocrx_word' id='word_1_138' title='bbox 201 2040 246 2094; x_wconf 92' lang='lat' dir='ltr'><strong>in</strong></span> <span class='ocrx_word' id='word_1_139' title='bbox 271 2055 366 2110; x_wconf 90' lang='lat' dir='ltr'><strong>qua</strong></span> <span class='ocrx_word' id='word_1_140' title='bbox 394 2055 514 2095; x_wconf 88' lang='lat' dir='ltr'><strong>eum</strong></span> <span class='ocrx_word' id='word_1_141' title='bbox 558 2041 624 2096; x_wconf 84' lang='lat' dir='ltr'><strong>ad</strong></span> <span class='ocrx_word' id='word_1_142' title='bbox 665 2041 1072 2096; x_wconf 85' lang='lat' dir='ltr'><strong>desideraudum</strong></span> <span class='ocrx_word' id='word_1_143' title='bbox 1099 2042 1178 2094; x_wconf 88' lang='lat' dir='ltr'><strong>sui</strong></span> <span class='ocrx_word' id='word_1_144' title='bbox 1201 2039 1470 2094; x_wconf 68' lang='lat' dir='ltr'><strong>Creatoris</strong></span> <span class='ocrx_word' id='word_1_145' title='bbox 1513 2037 1766 2093; x_wconf 82' lang='lat' dir='ltr'><strong>auxilium</strong></span> 
     </span>
    </p>
   </div>
   <div class='ocr_carea' id='block_1_21' title="bbox 199 2131 1768 2202">
    <p class='ocr_par' dir='ltr' id='par_1_21' title="bbox 199 2131 1768 2202">
     <span class='ocr_line' id='line_1_22' title="bbox 199 2131 1768 2202; baseline -0.001 -16"><span class='ocrx_word' id='word_1_146' title='bbox 199 2132 267 2186; x_wconf 90' lang='lat' dir='ltr'><strong>sic</strong></span> <span class='ocrx_word' id='word_1_147' title='bbox 293 2133 528 2187; x_wconf 82' lang='lat' dir='ltr'><strong>exerceri</strong></span> <span class='ocrx_word' id='word_1_148' title='bbox 555 2133 851 2202; x_wconf 85' lang='lat' dir='ltr'><strong>oportebat.</strong></span> <span class='ocrx_word' id='word_1_149' title='bbox 885 2131 1246 2202; x_wconf 79' lang='lat' dir='ltr'><strong>Regnantibus</strong></span> <span class='ocrx_word' id='word_1_150' title='bbox 1279 2131 1588 2188; x_wconf 83' lang='lat' dir='ltr'><strong>memoratis</strong></span> <span class='ocrx_word' id='word_1_151' title='bbox 1627 2131 1768 2202; x_wconf 86' lang='lat' dir='ltr'><strong>regi-</strong></span> 
     </span>
    </p>
   </div>
   <div class='ocr_carea' id='block_1_22' title="bbox 199 2220 1763 2294">
    <p class='ocr_par' dir='ltr' id='par_1_22' title="bbox 199 2220 1763 2294">
     <span class='ocr_line' id='line_1_23' title="bbox 199 2220 1763 2294; baseline -0.001 -16"><span class='ocrx_word' id='word_1_152' title='bbox 199 2223 284 2278; x_wconf 88' lang='lat' dir='ltr'><strong>bus</strong></span> <span class='ocrx_word' id='word_1_153' title='bbox 333 2223 494 2278; x_wconf 80' lang='lat' dir='ltr'><strong>l‘uisse</strong></span> <span class='ocrx_word' id='word_1_154' title='bbox 543 2239 576 2278; x_wconf 91' lang='lat' dir='ltr'><strong>a</strong></span> <span class='ocrx_word' id='word_1_155' title='bbox 625 2224 942 2294; x_wconf 85' lang='lat' dir='ltr'><strong>quibusdam</strong></span> <span class='ocrx_word' id='word_1_156' title='bbox 981 2221 1216 2278; x_wconf 86' lang='lat' dir='ltr'><strong>creditur</strong></span> <span class='ocrx_word' id='word_1_157' title='bbox 1257 2222 1604 2278; x_wconf 83' lang='lat' dir='ltr'><strong>Prometheus</strong></span> <span class='ocrx_word' id='word_1_158' title='bbox 1649 2220 1763 2294; x_wconf 88' lang='lat' dir='ltr'><strong>(a);</strong></span> 
     </span>
    </p>
   </div>
   <div class='ocr_carea' id='block_1_23' title="bbox 197 2314 1762 2385">
    <p class='ocr_par' dir='ltr' id='par_1_23' title="bbox 197 2314 1762 2385">
     <span class='ocr_line' id='line_1_24' title="bbox 197 2314 1762 2385; baseline 0.001 -17"><span class='ocrx_word' id='word_1_159' title='bbox 197 2329 336 2384; x_wconf 88' lang='lat' dir='ltr'><strong>quem</strong></span> <span class='ocrx_word' id='word_1_160' title='bbox 379 2325 664 2385; x_wconf 84' lang='lat' dir='ltr'><strong>propterea</strong></span> <span class='ocrx_word' id='word_1_161' title='bbox 705 2315 884 2374; x_wconf 78' lang='lat' dir='ltr'><strong>ferunt</strong></span> <span class='ocrx_word' id='word_1_162' title='bbox 920 2317 986 2371; x_wconf 88' lang='lat' dir='ltr'><strong>de</strong></span> <span class='ocrx_word' id='word_1_163' title='bbox 1037 2317 1146 2370; x_wconf 93' lang='lat' dir='ltr'><strong>luto</strong></span> <span class='ocrx_word' id='word_1_164' title='bbox 1195 2315 1454 2370; x_wconf 78' lang='lat' dir='ltr'><strong>formasse</strong></span> <span class='ocrx_word' id='word_1_165' title='bbox 1499 2314 1762 2384; x_wconf 84' lang='lat' dir='ltr'><strong>homines,</strong></span> 
     </span>
    </p>
   </div>
   <div class='ocr_carea' id='block_1_24' title="bbox 196 2407 1764 2478">
    <p class='ocr_par' dir='ltr' id='par_1_24' title="bbox 196 2407 1764 2478">
     <span class='ocr_line' id='line_1_25' title="bbox 196 2407 1764 2478; baseline 0.003 -18"><span class='ocrx_word' id='word_1_166' title='bbox 196 2407 304 2475; x_wconf 85' lang='lat' dir='ltr'><strong>quia</strong></span> <span class='ocrx_word' id='word_1_167' title='bbox 341 2408 616 2478; x_wconf 65' lang='lat' dir='ltr'><strong>sapientiae</strong></span> <span class='ocrx_word' id='word_1_168' title='bbox 643 2409 1070 2478; x_wconf 86' lang='lat' dir='ltr'><strong>optimusdoctor</strong></span> <span class='ocrx_word' id='word_1_169' title='bbox 1095 2407 1258 2464; x_wconf 72' lang='lat' dir='ltr'><strong>fuisse</strong></span> <span class='ocrx_word' id='word_1_170' title='bbox 1286 2407 1594 2478; x_wconf 89' lang='lat' dir='ltr'><strong>perhibetur</strong></span> <span class='ocrx_word' id='word_1_171' title='bbox 1623 2425 1636 2462; x_wconf 88' lang='lat'><strong>:</strong></span> <span class='ocrx_word' id='word_1_172' title='bbox 1665 2423 1764 2464; x_wconf 91' lang='lat' dir='ltr'><strong>nec</strong></span> 
     </span>
    </p>
   </div>
   <div class='ocr_carea' id='block_1_25' title="bbox 197 2501 1756 2573">
    <p class='ocr_par' dir='ltr' id='par_1_25' title="bbox 197 2501 1756 2573">
     <span class='ocr_line' id='line_1_26' title="bbox 197 2501 1756 2573; baseline 0.001 -19"><span class='ocrx_word' id='word_1_173' title='bbox 197 2509 354 2556; x_wconf 87' lang='lat' dir='ltr'><strong>tamen</strong></span> <span class='ocrx_word' id='word_1_174' title='bbox 377 2502 680 2572; x_wconf 82' lang='lat' dir='ltr'><strong>ostenditur</strong></span> <span class='ocrx_word' id='word_1_175' title='bbox 703 2505 792 2572; x_wconf 90' lang='lat' dir='ltr'><strong>qui</strong></span> <span class='ocrx_word' id='word_1_176' title='bbox 821 2502 936 2572; x_wconf 88' lang='lat' dir='ltr'><strong>ejus</strong></span> <span class='ocrx_word' id='word_1_177' title='bbox 957 2503 1284 2573; x_wconf 87' lang='lat' dir='ltr'><strong>temporibus</strong></span> <span class='ocrx_word' id='word_1_178' title='bbox 1314 2501 1508 2558; x_wconf 82' lang='lat' dir='ltr'><strong>fuerint</strong></span> <span class='ocrx_word' id='word_1_179' title='bbox 1539 2505 1756 2572; x_wconf 86' lang='lat' dir='ltr'><strong>sapien-</strong></span> 
     </span>
    </p>
   </div>
   <div class='ocr_carea' id='block_1_26' title="bbox 195 2592 1760 2668">
    <p class='ocr_par' dir='ltr' id='par_1_26' title="bbox 195 2592 1760 2668">
     <span class='ocr_line' id='line_1_27' title="bbox 195 2592 1760 2668; baseline 0.001 -20"><span class='ocrx_word' id='word_1_180' title='bbox 195 2599 282 2648; x_wconf 82' lang='lat' dir='ltr'><strong>tes.</strong></span> <span class='ocrx_word' id='word_1_181' title='bbox 305 2592 487 2652; x_wconf 75' lang='lat' dir='ltr'><strong>Frater</strong></span> <span class='ocrx_word' id='word_1_182' title='bbox 517 2596 638 2664; x_wconf 75' lang='lat' dir='ltr'><strong>ejus</strong></span> <span class='ocrx_word' id='word_1_183' title='bbox 675 2596 826 2650; x_wconf 84' lang='lat' dir='ltr'><strong>Atlas</strong></span> <span class='ocrx_word' id='word_1_184' title='bbox 855 2598 874 2628; x_wconf 72' lang='grc'>⁸</span> <span class='ocrx_word' id='word_1_185' title='bbox 901 2611 1124 2668; x_wconf 88' lang='lat' dir='ltr'><strong>magnus</strong></span> <span class='ocrx_word' id='word_1_186' title='bbox 1153 2596 1316 2652; x_wconf 82' lang='lat' dir='ltr'><strong>fuisse</strong></span> <span class='ocrx_word' id='word_1_187' title='bbox 1354 2597 1652 2666; x_wconf 81' lang='lat' dir='ltr'><strong>astrologus</strong></span> <span class='ocrx_word' id='word_1_188' title='bbox 1673 2596 1760 2652; x_wconf 87' lang='lat' dir='ltr'><strong>di-</strong></span> 
     </span>
    </p>
   </div>
   <div class='ocr_carea' id='block_1_27' title="bbox 194 2685 1759 2754">
    <p class='ocr_par' dir='ltr' id='par_1_27' title="bbox 194 2685 1759 2754">
     <span class='ocr_line' id='line_1_28' title="bbox 194 2685 1759 2754; baseline 0.003 -16"><span class='ocrx_word' id='word_1_189' title='bbox 194 2685 314 2744; x_wconf 88' lang='lat' dir='ltr'><strong>citur</strong></span> <span class='ocrx_word' id='word_1_190' title='bbox 341 2702 356 2742; x_wconf 86' lang='lat'><strong>:</strong></span> <span class='ocrx_word' id='word_1_191' title='bbox 383 2685 528 2742; x_wconf 87' lang='lat' dir='ltr'><strong>unde</strong></span> <span class='ocrx_word' id='word_1_192' title='bbox 557 2688 891 2742; x_wconf 87' lang='lat' dir='ltr'><strong>occasionem</strong></span> <span class='ocrx_word' id='word_1_193' title='bbox 941 2687 1116 2746; x_wconf 79' lang='lat' dir='ltr'><strong>fabula</strong></span> <span class='ocrx_word' id='word_1_194' title='bbox 1147 2688 1366 2754; x_wconf 81' lang='lat' dir='ltr'><strong>invenit,</strong></span> <span class='ocrx_word' id='word_1_195' title='bbox 1411 2698 1470 2744; x_wconf 88' lang='lat' dir='ltr'><strong>ut</strong></span> <span class='ocrx_word' id='word_1_196' title='bbox 1495 2703 1616 2744; x_wconf 89' lang='lat' dir='ltr'><strong>eum</strong></span> <span class='ocrx_word' id='word_1_197' title='bbox 1643 2701 1759 2742; x_wconf 89' lang='lat' dir='ltr'><strong>eoe-</strong></span> 
     </span>
    </p>
   </div>
   <div class='ocr_carea' id='block_1_28' title="bbox 193 2777 1758 2852">
    <p class='ocr_par' dir='ltr' id='par_1_28' title="bbox 193 2777 1758 2852">
     <span class='ocr_line' id='line_1_29' title="bbox 193 2777 1758 2852; baseline 0.003 -20"><span class='ocrx_word' id='word_1_198' title='bbox 193 2777 290 2832; x_wconf 87' lang='lat' dir='ltr'><strong>lum</strong></span> <span class='ocrx_word' id='word_1_199' title='bbox 313 2789 524 2848; x_wconf 88' lang='lat' dir='ltr'><strong>portare</strong></span> <span class='ocrx_word' id='word_1_200' title='bbox 547 2781 876 2849; x_wconf 74' lang='lat' dir='ltr'><strong>contingeret</strong></span> <span class='ocrx_word' id='word_1_201' title='bbox 905 2797 918 2834; x_wconf 92' lang='lat'><strong>:</strong></span> <span class='ocrx_word' id='word_1_202' title='bbox 947 2783 1190 2851; x_wconf 79' lang='lat' dir='ltr'><strong>quamvis</strong></span> <span class='ocrx_word' id='word_1_203' title='bbox 1215 2797 1370 2836; x_wconf 90' lang='lat' dir='ltr'><strong>mons</strong></span> <span class='ocrx_word' id='word_1_204' title='bbox 1393 2782 1506 2852; x_wconf 88' lang='lat' dir='ltr'><strong>ejus</strong></span> <span class='ocrx_word' id='word_1_205' title='bbox 1537 2782 1758 2837; x_wconf 84' lang='lat' dir='ltr'><strong>nomine</strong></span> 
     </span>
    </p>
   </div>
   <div class='ocr_carea' id='block_1_29' title="bbox 191 2871 1756 2944">
    <p class='ocr_par' dir='ltr' id='par_1_29' title="bbox 191 2871 1756 2944">
     <span class='ocr_line' id='line_1_30' title="bbox 191 2871 1756 2944; baseline 0.004 -21"><span class='ocrx_word' id='word_1_206' title='bbox 191 2880 524 2940; x_wconf 89' lang='lat' dir='ltr'><strong>nuncupetur,</strong></span> <span class='ocrx_word' id='word_1_207' title='bbox 569 2873 722 2940; x_wconf 89' lang='lat' dir='ltr'><strong>cujus</strong></span> <span class='ocrx_word' id='word_1_208' title='bbox 747 2871 1025 2928; x_wconf 85' lang='lat' dir='ltr'><strong>altitudine</strong></span> <span class='ocrx_word' id='word_1_209' title='bbox 1069 2875 1242 2944; x_wconf 89' lang='lat' dir='ltr'><strong>potius</strong></span> <span class='ocrx_word' id='word_1_210' title='bbox 1269 2876 1390 2929; x_wconf 57' lang='lat' dir='ltr'><strong>caeli</strong></span> <span class='ocrx_word' id='word_1_211' title='bbox 1436 2876 1664 2944; x_wconf 90' lang='lat' dir='ltr'><strong>portatio</strong></span> <span class='ocrx_word' id='word_1_212' title='bbox 1705 2875 1756 2930; x_wconf 90' lang='lat' dir='ltr'><strong>in</strong></span> 
     </span>
    </p>
   </div>
   <div class='ocr_carea' id='block_1_30' title="bbox 190 2961 1754 3036">
    <p class='ocr_par' dir='ltr' id='par_1_30' title="bbox 190 2961 1754 3036">
     <span class='ocr_line' id='line_1_31' title="bbox 190 2961 1754 3036; baseline 0.005 -23"><span class='ocrx_word' id='word_1_213' title='bbox 190 2961 470 3029; x_wconf 88' lang='lat' dir='ltr'><strong>opinionem</strong></span> <span class='ocrx_word' id='word_1_214' title='bbox 497 2964 642 3034; x_wconf 82' lang='lat' dir='ltr'><strong>vulgi</strong></span> <span class='ocrx_word' id='word_1_215' title='bbox 669 2965 881 3020; x_wconf 85' lang='lat' dir='ltr'><strong>venisse</strong></span> <span class='ocrx_word' id='word_1_216' title='bbox 921 2965 1180 3020; x_wconf 88' lang='lat' dir='ltr'><strong>videatur.</strong></span> <span class='ocrx_word' id='word_1_217' title='bbox 1219 2967 1376 3020; x_wconf 89' lang='lat' dir='ltr'><strong>Multa</strong></span> <span class='ocrx_word' id='word_1_218' title='bbox 1407 2981 1619 3036; x_wconf 90' lang='lat' dir='ltr'><strong>quoque</strong></span> <span class='ocrx_word' id='word_1_219' title='bbox 1649 2967 1754 3021; x_wconf 84' lang='lat' dir='ltr'><strong>alia</strong></span> 
     </span>
    </p>
   </div>
   <div class='ocr_carea' id='block_1_31' title="bbox 187 3053 1754 3129">
    <p class='ocr_par' dir='ltr' id='par_1_31' title="bbox 187 3053 1754 3129">
     <span class='ocr_line' id='line_1_32' title="bbox 187 3053 1754 3129; baseline 0.004 -21"><span class='ocrx_word' id='word_1_220' title='bbox 187 3065 246 3108; x_wconf 76' lang='lat' dir='ltr'><strong>ex</strong></span> <span class='ocrx_word' id='word_1_221' title='bbox 263 3053 358 3108; x_wconf 89' lang='lat' dir='ltr'><strong>illis</strong></span> <span class='ocrx_word' id='word_1_222' title='bbox 385 3054 436 3108; x_wconf 90' lang='lat' dir='ltr'><strong>in</strong></span> <span class='ocrx_word' id='word_1_223' title='bbox 471 3054 684 3110; x_wconf 67' lang='lat' dir='ltr'><strong>Graecia</strong></span> <span class='ocrx_word' id='word_1_224' title='bbox 714 3057 1040 3126; x_wconf 79' lang='lat' dir='ltr'><strong>temporibus</strong></span> <span class='ocrx_word' id='word_1_225' title='bbox 1067 3059 1296 3129; x_wconf 80' lang='lat' dir='ltr'><strong>ceniingi</strong></span> <span class='ocrx_word' id='word_1_226' title='bbox 1317 3059 1554 3113; x_wconf 74' lang='lat' dir='ltr'><strong>fabulosa</strong></span> <span class='ocrx_word' id='word_1_227' title='bbox 1575 3075 1754 3128; x_wconf 70' lang='lat' dir='ltr'><strong>coepe-</strong></span> 
     </span>
    </p>
   </div>
   <div class='ocr_carea' id='block_1_32' title="bbox 185 3145 1752 3220">
    <p class='ocr_par' dir='ltr' id='par_1_32' title="bbox 185 3145 1752 3220">
     <span class='ocr_line' id='line_1_33' title="bbox 185 3145 1752 3220; baseline 0.005 -22"><span class='ocrx_word' id='word_1_228' title='bbox 185 3152 294 3200; x_wconf 88' lang='lat' dir='ltr'><strong>runt</strong></span> <span class='ocrx_word' id='word_1_229' title='bbox 319 3163 332 3200; x_wconf 92' lang='lat'><strong>:</strong></span> <span class='ocrx_word' id='word_1_230' title='bbox 361 3145 456 3202; x_wconf 87' lang='lat' dir='ltr'><strong>sed</strong></span> <span class='ocrx_word' id='word_1_231' title='bbox 497 3163 670 3217; x_wconf 86' lang='lat' dir='ltr'><strong>usque</strong></span> <span class='ocrx_word' id='word_1_232' title='bbox 698 3148 764 3202; x_wconf 90' lang='lat' dir='ltr'><strong>ad</strong></span> <span class='ocrx_word' id='word_1_233' title='bbox 791 3151 1078 3219; x_wconf 74' lang='lat' dir='ltr'><strong>tlecropem</strong></span> <span class='ocrx_word' id='word_1_234' title='bbox 1121 3165 1300 3220; x_wconf 81' lang='lat' dir='ltr'><strong>regem</strong></span> <span class='ocrx_word' id='word_1_235' title='bbox 1326 3151 1752 3220; x_wconf 88' lang='lat' dir='ltr'><strong>Atheniensium,</strong></span> 
     </span>
    </p>
   </div>
   <div class='ocr_carea' id='block_1_33' title="bbox 183 3240 1751 3312">
    <p class='ocr_par' dir='ltr' id='par_1_33' title="bbox 183 3240 1751 3312">
     <span class='ocr_line' id='line_1_34' title="bbox 183 3240 1751 3312; baseline 0.002 -18"><span class='ocrx_word' id='word_1_236' title='bbox 183 3251 274 3306; x_wconf 85' lang='lat' dir='ltr'><strong>quo</strong></span> <span class='ocrx_word' id='word_1_237' title='bbox 295 3250 553 3309; x_wconf 74' lang='lat' dir='ltr'><strong>regnante</strong></span> <span class='ocrx_word' id='word_1_238' title='bbox 573 3240 758 3294; x_wconf 87' lang='lat' dir='ltr'><strong>eadem</strong></span> <span class='ocrx_word' id='word_1_239' title='bbox 788 3241 974 3296; x_wconf 80' lang='lat' dir='ltr'><strong>civitas</strong></span> <span class='ocrx_word' id='word_1_240' title='bbox 1001 3243 1160 3296; x_wconf 90' lang='lat' dir='ltr'><strong>etiam</strong></span> <span class='ocrx_word' id='word_1_241' title='bbox 1187 3242 1290 3297; x_wconf 86' lang='lat' dir='ltr'><strong>tale</strong></span> <span class='ocrx_word' id='word_1_242' title='bbox 1310 3257 1504 3297; x_wconf 90' lang='lat' dir='ltr'><strong>nomen</strong></span> <span class='ocrx_word' id='word_1_243' title='bbox 1527 3245 1751 3312; x_wconf 81' lang='lat' dir='ltr'><strong>accepit,</strong></span> 
     </span>
    </p>
   </div>
   <div class='ocr_carea' id='block_1_34' title="bbox 181 3333 1754 3406">
    <p class='ocr_par' dir='ltr' id='par_1_34' title="bbox 181 3333 1754 3406">
     <span class='ocr_line' id='line_1_35' title="bbox 181 3333 1754 3406; baseline 0.007 -24"><span class='ocrx_word' id='word_1_244' title='bbox 181 3335 228 3382; x_wconf 91' lang='lat' dir='ltr'><strong>et</strong></span> <span class='ocrx_word' id='word_1_245' title='bbox 247 3337 356 3402; x_wconf 83' lang='lat' dir='ltr'><strong>&#39;quo</strong></span> <span class='ocrx_word' id='word_1_246' title='bbox 381 3341 644 3401; x_wconf 88' lang='lat' dir='ltr'><strong>regnante</strong></span> <span class='ocrx_word' id='word_1_247' title='bbox 673 3333 814 3400; x_wconf 78' lang='lat' dir='ltr'><strong>Deus</strong></span> <span class='ocrx_word' id='word_1_248' title='bbox 842 3349 934 3402; x_wconf 86' lang='lat' dir='ltr'><strong>per</strong></span> <span class='ocrx_word' id='word_1_249' title='bbox 969 3333 1184 3406; x_wconf 77' lang='lat' dir='ltr'><strong>Moysen</strong></span> <span class='ocrx_word' id='word_1_250' title='bbox 1225 3333 1406 3390; x_wconf 79' lang='lat' dir='ltr'><strong>eduxit</strong></span> <span class='ocrx_word' id='word_1_251' title='bbox 1431 3351 1498 3390; x_wconf 77' lang='lat' dir='ltr'><strong>ex</strong></span> <span class='ocrx_word' id='word_1_252' title='bbox 1521 3335 1754 3406; x_wconf 67' lang='lat' dir='ltr'><strong>Egypto</strong></span> 
     </span>
    </p>
   </div>
   <div class='ocr_carea' id='block_1_35' title="bbox 179 3424 1752 3494">
    <p class='ocr_par' dir='ltr' id='par_1_35' title="bbox 179 3424 1752 3494">
     <span class='ocr_line' id='line_1_36' title="bbox 179 3424 1752 3494; baseline 0.002 -14"><span class='ocrx_word' id='word_1_253' title='bbox 179 3424 412 3494; x_wconf 81' lang='lat' dir='ltr'><strong>populum</strong></span> <span class='ocrx_word' id='word_1_254' title='bbox 437 3441 624 3494; x_wconf 85' lang='lat' dir='ltr'><strong>suum,</strong></span> <span class='ocrx_word' id='word_1_255' title='bbox 667 3426 818 3482; x_wconf 88' lang='lat' dir='ltr'><strong>relati</strong></span> <span class='ocrx_word' id='word_1_256' title='bbox 845 3437 966 3481; x_wconf 87' lang='lat' dir='ltr'><strong>sunt</strong></span> <span class='ocrx_word' id='word_1_257' title='bbox 994 3428 1046 3481; x_wconf 89' lang='lat' dir='ltr'><strong>in</strong></span> <span class='ocrx_word' id='word_1_258' title='bbox 1073 3427 1293 3482; x_wconf 88' lang='lat' dir='ltr'><strong>deorum</strong></span> <span class='ocrx_word' id='word_1_259' title='bbox 1343 3443 1622 3482; x_wconf 87' lang='lat' dir='ltr'><strong>numerum</strong></span> <span class='ocrx_word' id='word_1_260' title='bbox 1653 3429 1752 3483; x_wconf 83' lang='lat' dir='ltr'><strong>ali-</strong></span> 
     </span>
    </p>
   </div>
   <div class='ocr_carea' id='block_1_36' title="bbox 177 3521 1752 3590">
    <p class='ocr_par' dir='ltr' id='par_1_36' title="bbox 177 3521 1752 3590">
     <span class='ocr_line' id='line_1_37' title="bbox 177 3521 1752 3590; baseline 0.001 -18"><span class='ocrx_word' id='word_1_261' title='bbox 177 3528 292 3588; x_wconf 84' lang='lat' dir='ltr'><strong>quot</strong></span> <span class='ocrx_word' id='word_1_262' title='bbox 315 3521 516 3574; x_wconf 87' lang='lat' dir='ltr'><strong>mortui</strong></span> <span class='ocrx_word' id='word_1_263' title='bbox 561 3534 702 3574; x_wconf 70' lang='lat' dir='ltr'><strong>eaeca</strong></span> <span class='ocrx_word' id='word_1_264' title='bbox 731 3529 786 3576; x_wconf 92' lang='lat' dir='ltr'><strong>et</strong></span> <span class='ocrx_word' id='word_1_265' title='bbox 825 3535 958 3576; x_wconf 84' lang='lat' dir='ltr'><strong>vana</strong></span> <span class='ocrx_word' id='word_1_266' title='bbox 985 3521 1368 3576; x_wconf 87' lang='lat' dir='ltr'><strong>consuetudine</strong></span> <span class='ocrx_word' id='word_1_267' title='bbox 1397 3537 1462 3576; x_wconf 88' lang='lat' dir='ltr'><strong>ac</strong></span> <span class='ocrx_word' id='word_1_268' title='bbox 1495 3521 1752 3590; x_wconf 85' lang='lat' dir='ltr'><strong>supersti-</strong></span> 
     </span>
    </p>
   </div>
   <div class='ocr_carea' id='block_1_37' title="bbox 177 3614 1748 3686">
    <p class='ocr_par' dir='ltr' id='par_1_37' title="bbox 177 3614 1748 3686">
     <span class='ocr_line' id='line_1_38' title="bbox 177 3614 1748 3686; baseline 0.004 -20"><span class='ocrx_word' id='word_1_269' title='bbox 177 3615 302 3670; x_wconf 88' lang='lat' dir='ltr'><strong>tione</strong></span> <span class='ocrx_word' id='word_1_270' title='bbox 339 3614 678 3670; x_wconf 73' lang='lat' dir='ltr'><strong>Graecorum.</strong></span> <span class='ocrx_word' id='word_1_271' title='bbox 707 3614 764 3668; x_wconf 84' lang='lat' dir='ltr'><strong>in</strong></span> <span class='ocrx_word' id='word_1_272' title='bbox 805 3615 996 3686; x_wconf 86' lang='lat' dir='ltr'><strong>quibus</strong></span> <span class='ocrx_word' id='word_1_273' title='bbox 1023 3616 1194 3670; x_wconf 78' lang='lat' dir='ltr'><strong>Criasi</strong></span> <span class='ocrx_word' id='word_1_274' title='bbox 1233 3617 1374 3686; x_wconf 87' lang='lat' dir='ltr'><strong>regis</strong></span> <span class='ocrx_word' id='word_1_275' title='bbox 1415 3616 1612 3686; x_wconf 83' lang='lat' dir='ltr'><strong>conjux</strong></span> <span class='ocrx_word' id='word_1_276' title='bbox 1636 3615 1748 3672; x_wconf 83' lang='lat' dir='ltr'><strong>Me-</strong></span> 
     </span>
    </p>
   </div>
   <div class='ocr_carea' id='block_1_38' title="bbox 174 3702 1750 3778">
    <p class='ocr_par' dir='ltr' id='par_1_38' title="bbox 174 3702 1750 3778">
     <span class='ocr_line' id='line_1_39' title="bbox 174 3702 1750 3778; baseline 0.004 -21"><span class='ocrx_word' id='word_1_277' title='bbox 174 3702 432 3762; x_wconf 84' lang='lat' dir='ltr'><strong>lantomice</strong></span> <span class='ocrx_word' id='word_1_278' title='bbox 457 3707 508 3774; x_wconf 83' lang='grc'><strong>³,</strong></span> <span class='ocrx_word' id='word_1_279' title='bbox 539 3715 592 3762; x_wconf 90' lang='lat' dir='ltr'><strong>et</strong></span> <span class='ocrx_word' id='word_1_280' title='bbox 623 3707 858 3762; x_wconf 85' lang='lat' dir='ltr'><strong>Phorbas</strong></span> <span class='ocrx_word' id='word_1_281' title='bbox 883 3708 1018 3768; x_wconf 81' lang='lat' dir='ltr'><strong>tilius</strong></span> <span class='ocrx_word' id='word_1_282' title='bbox 1037 3721 1241 3772; x_wconf 89' lang='lat' dir='ltr'><strong>eorum,</strong></span> <span class='ocrx_word' id='word_1_283' title='bbox 1293 3707 1382 3777; x_wconf 90' lang='lat' dir='ltr'><strong>qui</strong></span> <span class='ocrx_word' id='word_1_284' title='bbox 1403 3717 1524 3778; x_wconf 90' lang='lat' dir='ltr'><strong>post</strong></span> <span class='ocrx_word' id='word_1_285' title='bbox 1549 3718 1750 3778; x_wconf 73' lang='lat' dir='ltr'><strong>patrem</strong></span> 
     </span>
    </p>
   </div>
   <div class='ocr_carea' id='block_1_39' title="bbox 171 3799 1750 3870">
    <p class='ocr_par' dir='ltr' id='par_1_39' title="bbox 171 3799 1750 3870">
     <span class='ocr_line' id='line_1_40' title="bbox 171 3799 1750 3870; baseline 0.002 -19"><span class='ocrx_word' id='word_1_286' title='bbox 171 3811 252 3852; x_wconf 82' lang='lat' dir='ltr'><strong>rex</strong></span> <span class='ocrx_word' id='word_1_287' title='bbox 293 3801 613 3870; x_wconf 80' lang='lat' dir='ltr'><strong>Argivorum</strong></span> <span class='ocrx_word' id='word_1_288' title='bbox 643 3809 828 3854; x_wconf 82' lang='lat' dir='ltr'><strong>sextus</strong></span> <span class='ocrx_word' id='word_1_289' title='bbox 869 3799 986 3864; x_wconf 81' lang='lat' dir='ltr'><strong>fuit,</strong></span> <span class='ocrx_word' id='word_1_290' title='bbox 1035 3809 1090 3855; x_wconf 91' lang='lat' dir='ltr'><strong>et</strong></span> <span class='ocrx_word' id='word_1_291' title='bbox 1139 3801 1346 3870; x_wconf 85' lang='lat' dir='ltr'><strong>septimi</strong></span> <span class='ocrx_word' id='word_1_292' title='bbox 1377 3802 1516 3870; x_wconf 85' lang='lat' dir='ltr'><strong>regis</strong></span> <span class='ocrx_word' id='word_1_293' title='bbox 1541 3801 1750 3870; x_wconf 81' lang='lat' dir='ltr'><strong>Tri0p:e</strong></span> 
     </span>
    </p>
   </div>
   <div class='ocr_carea' id='block_1_40' title="bbox 171 3891 1742 3962">
    <p class='ocr_par' dir='ltr' id='par_1_40' title="bbox 171 3891 1742 3962">
     <span class='ocr_line' id='line_1_41' title="bbox 171 3891 1742 3962; baseline 0.003 -18"><span class='ocrx_word' id='word_1_294' title='bbox 171 3891 293 3948; x_wconf 80' lang='lat' dir='ltr'><strong>ﬁlius</strong></span> <span class='ocrx_word' id='word_1_295' title='bbox 316 3893 477 3960; x_wconf 84' lang='lat' dir='ltr'><strong>Iasus,</strong></span> <span class='ocrx_word' id='word_1_296' title='bbox 523 3904 577 3949; x_wconf 92' lang='lat' dir='ltr'><strong>et</strong></span> <span class='ocrx_word' id='word_1_297' title='bbox 603 3909 696 3948; x_wconf 79' lang='lat' dir='ltr'><strong>rex</strong></span> <span class='ocrx_word' id='word_1_298' title='bbox 727 3909 900 3948; x_wconf 89' lang='lat' dir='ltr'><strong>nouus</strong></span> <span class='ocrx_word' id='word_1_299' title='bbox 929 3893 1230 3960; x_wconf 85' lang='lat' dir='ltr'><strong>Sthenclas,</strong></span> <span class='ocrx_word' id='word_1_300' title='bbox 1256 3895 1366 3948; x_wconf 87' lang='lat' dir='ltr'><strong>sive</strong></span> <span class='ocrx_word' id='word_1_301' title='bbox 1403 3893 1742 3962; x_wconf 87' lang='lat' dir='ltr'><strong>Stheneleus,</strong></span> 
     </span>
    </p>
   </div>
   <div class='ocr_carea' id='block_1_41' title="bbox 168 3985 1750 4056">
    <p class='ocr_par' dir='ltr' id='par_1_41' title="bbox 168 3985 1750 4056">
     <span class='ocr_line' id='line_1_42' title="bbox 168 3985 1750 4056; baseline 0.001 -20"><span class='ocrx_word' id='word_1_302' title='bbox 168 3985 266 4039; x_wconf 84' lang='lat' dir='ltr'><strong>sive</strong></span> <span class='ocrx_word' id='word_1_303' title='bbox 303 3985 618 4051; x_wconf 84' lang='lat' dir='ltr'><strong>Sthenelus,</strong></span> <span class='ocrx_word' id='word_1_304' title='bbox 663 3985 811 4040; x_wconf 84' lang='lat' dir='ltr'><strong>varie</strong></span> <span class='ocrx_word' id='word_1_305' title='bbox 839 3986 1034 4056; x_wconf 72' lang='lat' dir='ltr'><strong>quippe</strong></span> <span class='ocrx_word' id='word_1_306' title='bbox 1073 3985 1128 4040; x_wconf 90' lang='lat' dir='ltr'><strong>in</strong></span> <span class='ocrx_word' id='word_1_307' title='bbox 1169 3985 1396 4040; x_wconf 86' lang='lat' dir='ltr'><strong>diversis</strong></span> <span class='ocrx_word' id='word_1_308' title='bbox 1443 3985 1750 4039; x_wconf 84' lang='lat' dir='ltr'><strong>auctoribus</strong></span> 
     </span>
    </p>
   </div>
   <div class='ocr_carea' id='block_1_42' title="bbox 173 4076 1750 4148">
    <p class='ocr_par' dir='ltr' id='par_1_42' title="bbox 173 4076 1750 4148">
     <span class='ocr_line' id='line_1_43' title="bbox 173 4076 1750 4148; baseline 0.001 -19"><span class='ocrx_word' id='word_1_309' title='bbox 173 4076 438 4133; x_wconf 86' lang='lat' dir='ltr'><strong>invenitur.</strong></span> <span class='ocrx_word' id='word_1_310' title='bbox 506 4078 604 4133; x_wconf 84' lang='lat' dir='ltr'><strong>His</strong></span> <span class='ocrx_word' id='word_1_311' title='bbox 657 4077 984 4148; x_wconf 87' lang='lat' dir='ltr'><strong>temporibus</strong></span> <span class='ocrx_word' id='word_1_312' title='bbox 1031 4077 1191 4132; x_wconf 88' lang='lat' dir='ltr'><strong>etiam</strong></span> <span class='ocrx_word' id='word_1_313' title='bbox 1241 4077 1532 4132; x_wconf 82' lang='lat' dir='ltr'><strong>Mercurius</strong></span> <span class='ocrx_word' id='word_1_314' title='bbox 1585 4076 1750 4131; x_wconf 79' lang='lat' dir='ltr'><strong>fuisse</strong></span> 
     </span>
    </p>
   </div>
   <div class='ocr_carea' id='block_1_43' title="bbox 171 4167 1750 4256">
    <p class='ocr_par' dir='ltr' id='par_1_43' title="bbox 171 4167 1750 4256">
     <span class='ocr_line' id='line_1_44' title="bbox 171 4167 1750 4256; baseline -0.004 -28"><span class='ocrx_word' id='word_1_315' title='bbox 171 4169 479 4238; x_wconf 83' lang='lat' dir='ltr'><strong>perhibetur,</strong></span> <span class='ocrx_word' id='word_1_316' title='bbox 511 4185 680 4256; x_wconf 74' lang='lat' dir='ltr'><strong>nepos</strong></span> <span class='ocrx_word' id='word_1_317' title='bbox 705 4169 953 4242; x_wconf 75' lang='lat' dir='ltr'><strong>Atlantis,</strong></span> <span class='ocrx_word' id='word_1_318' title='bbox 984 4184 1050 4226; x_wconf 78' lang='lat' dir='ltr'><strong>ex</strong></span> <span class='ocrx_word' id='word_1_319' title='bbox 1091 4168 1224 4224; x_wconf 82' lang='lat' dir='ltr'><strong>Maia</strong></span> <span class='ocrx_word' id='word_1_320' title='bbox 1277 4168 1386 4244; x_wconf 56' lang='lat' dir='ltr'><strong>tilia</strong></span> <span class='ocrx_word' id='word_1_321' title='bbox 1415 4185 1430 4222; x_wconf 89' lang='lat'><strong>:</strong></span> <span class='ocrx_word' id='word_1_322' title='bbox 1463 4167 1601 4240; x_wconf 90' lang='lat' dir='ltr'><strong>quod</strong></span> <span class='ocrx_word' id='word_1_323' title='bbox 1633 4169 1750 4232; x_wconf 82' lang='lat' dir='ltr'><strong>vul-</strong></span> 
     </span>
    </p>
   </div>
   <div class='ocr_carea' id='block_1_44' title="bbox 169 4259 1746 4332">
    <p class='ocr_par' dir='ltr' id='par_1_44' title="bbox 169 4259 1746 4332">
     <span class='ocr_line' id='line_1_45' title="bbox 169 4259 1746 4332; baseline 0.001 -20"><span class='ocrx_word' id='word_1_324' title='bbox 169 4261 382 4328; x_wconf 87' lang='lat' dir='ltr'><strong>gatiores</strong></span> <span class='ocrx_word' id='word_1_325' title='bbox 431 4263 596 4318; x_wconf 90' lang='lat' dir='ltr'><strong>etiam</strong></span> <span class='ocrx_word' id='word_1_326' title='bbox 649 4261 838 4314; x_wconf 73' lang='lat' dir='ltr'><strong>littera:</strong></span> <span class='ocrx_word' id='word_1_327' title='bbox 885 4268 1191 4332; x_wconf 84' lang='lat' dir='ltr'><strong>personant.</strong></span> <span class='ocrx_word' id='word_1_328' title='bbox 1243 4259 1526 4314; x_wconf 83' lang='lat' dir='ltr'><strong>Multarum</strong></span> <span class='ocrx_word' id='word_1_329' title='bbox 1568 4268 1746 4314; x_wconf 89' lang='lat' dir='ltr'><strong>autem</strong></span> 
     </span>
    </p>
   </div>
   <div class='ocr_carea' id='block_1_45' title="bbox 169 4351 1748 4428">
    <p class='ocr_par' dir='ltr' id='par_1_45' title="bbox 169 4351 1748 4428">
     <span class='ocr_line' id='line_1_46' title="bbox 169 4351 1748 4428; baseline 0.001 -24"><span class='ocrx_word' id='word_1_330' title='bbox 169 4353 345 4408; x_wconf 89' lang='lat' dir='ltr'><strong>artium</strong></span> <span class='ocrx_word' id='word_1_331' title='bbox 377 4357 583 4426; x_wconf 88' lang='lat' dir='ltr'><strong>peritus</strong></span> <span class='ocrx_word' id='word_1_332' title='bbox 627 4353 838 4420; x_wconf 80' lang='lat' dir='ltr'><strong>claruit,</strong></span> <span class='ocrx_word' id='word_1_333' title='bbox 877 4369 1008 4426; x_wconf 83' lang='lat' dir='ltr'><strong>quas</strong></span> <span class='ocrx_word' id='word_1_334' title='bbox 1060 4363 1112 4412; x_wconf 88' lang='lat' dir='ltr'><strong>et</strong></span> <span class='ocrx_word' id='word_1_335' title='bbox 1143 4351 1443 4408; x_wconf 89' lang='lat' dir='ltr'><strong>hominibus</strong></span> <span class='ocrx_word' id='word_1_336' title='bbox 1489 4351 1748 4428; x_wconf 59' lang='lat' dir='ltr'><strong>tradidit:</strong></span> 
     </span>
    </p>
   </div>
   <div class='ocr_carea' id='block_1_46' title="bbox 169 4445 1746 4515">
    <p class='ocr_par' dir='ltr' id='par_1_46' title="bbox 169 4445 1746 4515">
     <span class='ocr_line' id='line_1_47' title="bbox 169 4445 1746 4515; baseline 0.002 -17"><span class='ocrx_word' id='word_1_337' title='bbox 169 4459 262 4514; x_wconf 89' lang='lat' dir='ltr'><strong>quo</strong></span> <span class='ocrx_word' id='word_1_338' title='bbox 301 4450 491 4504; x_wconf 90' lang='lat' dir='ltr'><strong>merito</strong></span> <span class='ocrx_word' id='word_1_339' title='bbox 520 4461 643 4502; x_wconf 89' lang='lat' dir='ltr'><strong>eum</strong></span> <span class='ocrx_word' id='word_1_340' title='bbox 686 4455 804 4515; x_wconf 89' lang='lat' dir='ltr'><strong>post</strong></span> <span class='ocrx_word' id='word_1_341' title='bbox 843 4455 1068 4502; x_wconf 90' lang='lat' dir='ltr'><strong>mortem</strong></span> <span class='ocrx_word' id='word_1_342' title='bbox 1103 4445 1260 4500; x_wconf 87' lang='lat' dir='ltr'><strong>deum</strong></span> <span class='ocrx_word' id='word_1_343' title='bbox 1291 4459 1412 4508; x_wconf 81' lang='lat' dir='ltr'><strong>esse</strong></span> <span class='ocrx_word' id='word_1_344' title='bbox 1439 4445 1746 4512; x_wconf 86' lang='lat' dir='ltr'><strong>voluerunt,</strong></span> 
     </span>
    </p>
   </div>
   <div class='ocr_carea' id='block_1_47' title="bbox 167 4537 1742 4614">
    <p class='ocr_par' dir='ltr' id='par_1_47' title="bbox 167 4537 1742 4614">
     <span class='ocr_line' id='line_1_48' title="bbox 167 4537 1742 4614; baseline 0.005 -24"><span class='ocrx_word' id='word_1_345' title='bbox 167 4537 266 4594; x_wconf 84' lang='lat' dir='ltr'><strong>sive</strong></span> <span class='ocrx_word' id='word_1_346' title='bbox 293 4541 452 4596; x_wconf 89' lang='lat' dir='ltr'><strong>etiam</strong></span> <span class='ocrx_word' id='word_1_347' title='bbox 478 4539 840 4598; x_wconf 88' lang='lat' dir='ltr'><strong>crediderunt.</strong></span> <span class='ocrx_word' id='word_1_348' title='bbox 873 4540 1142 4614; x_wconf 80' lang='lat' dir='ltr'><strong>Posterior</strong></span> <span class='ocrx_word' id='word_1_349' title='bbox 1181 4539 1342 4598; x_wconf 77' lang='lat' dir='ltr'><strong>fuisse</strong></span> <span class='ocrx_word' id='word_1_350' title='bbox 1372 4541 1628 4604; x_wconf 84' lang='lat' dir='ltr'><strong>llercules</strong></span> <span class='ocrx_word' id='word_1_351' title='bbox 1657 4543 1742 4598; x_wconf 89' lang='lat' dir='ltr'><strong>di-</strong></span> 
     </span>
    </p>
   </div>
   <div class='ocr_carea' id='block_1_48' title="bbox 167 4629 1738 4702">
    <p class='ocr_par' dir='ltr' id='par_1_48' title="bbox 167 4629 1738 4702">
     <span class='ocr_line' id='line_1_49' title="bbox 167 4629 1738 4702; baseline 0.003 -20"><span class='ocrx_word' id='word_1_352' title='bbox 167 4629 310 4697; x_wconf 86' lang='lat' dir='ltr'><strong>citur,</strong></span> <span class='ocrx_word' id='word_1_353' title='bbox 339 4631 494 4687; x_wconf 90' lang='lat' dir='ltr'><strong>adea</strong></span> <span class='ocrx_word' id='word_1_354' title='bbox 542 4641 716 4686; x_wconf 88' lang='lat' dir='ltr'><strong>tamen</strong></span> <span class='ocrx_word' id='word_1_355' title='bbox 763 4641 1003 4702; x_wconf 90' lang='lat' dir='ltr'><strong>tempora</strong></span> <span class='ocrx_word' id='word_1_356' title='bbox 1049 4633 1322 4700; x_wconf 89' lang='lat' dir='ltr'><strong>pertinens</strong></span> <span class='ocrx_word' id='word_1_357' title='bbox 1369 4633 1688 4701; x_wconf 83' lang='lat' dir='ltr'><strong>Argivorum</strong></span> <span class='ocrx_word' id='word_1_358' title='bbox 1726 4653 1738 4686; x_wconf 88' lang='lat'><strong>:</strong></span> 
     </span>
    </p>
   </div>
   <div class='ocr_carea' id='block_1_49' title="bbox 165 4721 1743 4794">
    <p class='ocr_par' dir='ltr' id='par_1_49' title="bbox 165 4721 1743 4794">
     <span class='ocr_line' id='line_1_50' title="bbox 165 4721 1743 4794; baseline 0.002 -18"><span class='ocrx_word' id='word_1_359' title='bbox 165 4725 390 4790; x_wconf 86' lang='lat' dir='ltr'><strong>quamvis</strong></span> <span class='ocrx_word' id='word_1_360' title='bbox 419 4723 658 4794; x_wconf 83' lang='lat' dir='ltr'><strong>nonnulli</strong></span> <span class='ocrx_word' id='word_1_361' title='bbox 703 4737 824 4778; x_wconf 89' lang='lat' dir='ltr'><strong>eum</strong></span> <span class='ocrx_word' id='word_1_362' title='bbox 855 4723 1112 4780; x_wconf 83' lang='lat' dir='ltr'><strong>Mercurio</strong></span> <span class='ocrx_word' id='word_1_363' title='bbox 1144 4721 1425 4793; x_wconf 62' lang='lat' dir='ltr'><strong>prteferant</strong></span> <span class='ocrx_word' id='word_1_364' title='bbox 1465 4734 1702 4792; x_wconf 84' lang='lat' dir='ltr'><strong>tempore</strong></span> <span class='ocrx_word' id='word_1_365' title='bbox 1729 4741 1743 4790; x_wconf 90' lang='lat'><strong>;</strong></span> 
     </span>
    </p>
   </div>
   <div class='ocr_carea' id='block_1_50' title="bbox 166 4817 1735 4888">
    <p class='ocr_par' dir='ltr' id='par_1_50' title="bbox 166 4817 1735 4888">
     <span class='ocr_line' id='line_1_51' title="bbox 166 4817 1735 4888; baseline 0.003 -19"><span class='ocrx_word' id='word_1_366' title='bbox 166 4829 287 4885; x_wconf 90' lang='lat' dir='ltr'><strong>quos</strong></span> <span class='ocrx_word' id='word_1_367' title='bbox 311 4817 420 4880; x_wconf 77' lang='lat' dir='ltr'><strong>falli</strong></span> <span class='ocrx_word' id='word_1_368' title='bbox 455 4817 725 4872; x_wconf 76' lang='lat' dir='ltr'><strong>existimo.</strong></span> <span class='ocrx_word' id='word_1_369' title='bbox 757 4818 860 4873; x_wconf 87' lang='lat' dir='ltr'><strong>Sed</strong></span> <span class='ocrx_word' id='word_1_370' title='bbox 899 4818 1138 4888; x_wconf 87' lang='lat' dir='ltr'><strong>quolibet</strong></span> <span class='ocrx_word' id='word_1_371' title='bbox 1181 4827 1418 4887; x_wconf 85' lang='lat' dir='ltr'><strong>tempore</strong></span> <span class='ocrx_word' id='word_1_372' title='bbox 1449 4820 1560 4872; x_wconf 87' lang='lat' dir='ltr'><strong>nati</strong></span> <span class='ocrx_word' id='word_1_373' title='bbox 1587 4819 1696 4874; x_wconf 84' lang='lat' dir='ltr'><strong>sint</strong></span> <span class='ocrx_word' id='word_1_374' title='bbox 1720 4861 1735 4884; x_wconf 92' lang='lat'><strong>,</strong></span> 
     </span>
    </p>
   </div>
   <div class='ocr_carea' id='block_1_51' title="bbox 164 4909 1740 4984">
    <p class='ocr_par' dir='ltr' id='par_1_51' title="bbox 164 4909 1740 4984">
     <span class='ocr_line' id='line_1_52' title="bbox 164 4909 1740 4984; baseline 0.003 -22"><span class='ocrx_word' id='word_1_375' title='bbox 164 4919 360 4984; x_wconf 76' lang='lat' dir='ltr'><strong>constat</strong></span> <span class='ocrx_word' id='word_1_376' title='bbox 387 4913 527 4984; x_wconf 79' lang='lat' dir='ltr'><strong>inter</strong></span> <span class='ocrx_word' id='word_1_377' title='bbox 553 4909 835 4966; x_wconf 90' lang='lat' dir='ltr'><strong>historicos</strong></span> <span class='ocrx_word' id='word_1_378' title='bbox 871 4925 1061 4982; x_wconf 80' lang='lat' dir='ltr'><strong>graves</strong></span> <span class='ocrx_word' id='word_1_379' title='bbox 1083 4951 1098 4976; x_wconf 83' lang='lat'><strong>,</strong></span> <span class='ocrx_word' id='word_1_380' title='bbox 1129 4911 1216 4980; x_wconf 91' lang='lat' dir='ltr'><strong>qui</strong></span> <span class='ocrx_word' id='word_1_381' title='bbox 1261 4909 1378 4982; x_wconf 75' lang='lat' dir='ltr'><strong>haec</strong></span> <span class='ocrx_word' id='word_1_382' title='bbox 1405 4910 1618 4982; x_wconf 77' lang='lat' dir='ltr'><strong>antiqua&quot;</strong></span> <span class='ocrx_word' id='word_1_383' title='bbox 1651 4911 1740 4980; x_wconf 86' lang='lat' dir='ltr'><strong>lit-</strong></span> 
     </span>
    </p>
   </div>
   <div class='ocr_carea' id='block_1_52' title="bbox 194 5086 1740 5156">
    <p class='ocr_par' dir='ltr' id='par_1_52' title="bbox 194 5086 1740 5156">
     <span class='ocr_line' id='line_1_53' title="bbox 194 5086 1740 5156; baseline 0.001 -18"><span class='ocrx_word' id='word_1_384' title='bbox 194 5089 238 5156; x_wconf 52' lang='grc' dir='ltr'><strong>,ί</strong></span> <span class='ocrx_word' id='word_1_385' title='bbox 273 5088 386 5139; x_wconf 79' lang='lat' dir='ltr'><strong>Editi</strong></span> <span class='ocrx_word' id='word_1_386' title='bbox 405 5096 537 5156; x_wconf 87' lang='lat' dir='ltr'><strong>post,</strong></span> <span class='ocrx_word' id='word_1_387' title='bbox 550 5087 948 5156; x_wconf 70' lang='lat' dir='ltr'><strong>persecutionibns</strong></span> <span class='ocrx_word' id='word_1_388' title='bbox 976 5087 1173 5150; x_wconf 87' lang='lat' dir='ltr'><strong>addunt,</strong></span> <span class='ocrx_word' id='word_1_389' title='bbox 1209 5086 1508 5152; x_wconf 68' lang='lat' dir='ltr'><strong>afﬂigebatur</strong></span> <span class='ocrx_word' id='word_1_390' title='bbox 1521 5087 1740 5140; x_wconf 81' lang='lat' dir='ltr'><strong>inmane-</strong></span> 
     </span>
    </p>
   </div>
   <div class='ocr_carea' id='block_1_53' title="bbox 163 5153 1152 5214">
    <p class='ocr_par' dir='ltr' id='par_1_53' title="bbox 163 5153 1152 5214">
     <span class='ocr_line' id='line_1_54' title="bbox 163 5153 1152 5214; baseline 0.006 -18"><span class='ocrx_word' id='word_1_391' title='bbox 163 5153 268 5214; x_wconf 78' lang='lat' dir='ltr'><strong>rt&#39;s_:</strong></span> <span class='ocrx_word' id='word_1_392' title='bbox 291 5153 426 5214; x_wconf 85' lang='lat' dir='ltr'><strong>quod</strong></span> <span class='ocrx_word' id='word_1_393' title='bbox 443 5165 470 5200; x_wconf 92' lang='lat' dir='ltr'><strong>a</strong></span> <span class='ocrx_word' id='word_1_394' title='bbox 497 5157 599 5201; x_wconf 78' lang='lat' dir='ltr'><strong>Mss.</strong></span> <span class='ocrx_word' id='word_1_395' title='bbox 619 5153 783 5214; x_wconf 74' lang='lat' dir='ltr'><strong>abest.</strong></span> <span class='ocrx_word' id='word_1_396' title='bbox 1149 5159 1152 5164; x_wconf 84' lang='lat'><em>‘</em></span> 
     </span>
    </p>
   </div>
   <div class='ocr_carea' id='block_1_54' title="bbox 219 5211 1631 5278">
    <p class='ocr_par' dir='ltr' id='par_1_54' title="bbox 219 5211 1631 5278">
     <span class='ocr_line' id='line_1_55' title="bbox 219 5211 1631 5278; baseline -0.001 -18"><span class='ocrx_word' id='word_1_397' title='bbox 219 5211 241 5278; x_wconf 68' lang='grc' dir='ltr'><strong>ξ</strong></span> <span class='ocrx_word' id='word_1_398' title='bbox 273 5211 324 5278; x_wconf 75' lang='lat' dir='ltr'><strong>tri</strong></span> <span class='ocrx_word' id='word_1_399' title='bbox 345 5213 608 5278; x_wconf 82' lang='lat' dir='ltr'><strong>veteribus</strong></span> <span class='ocrx_word' id='word_1_400' title='bbox 619 5212 755 5278; x_wconf 78' lang='lat' dir='ltr'><strong>libris</strong></span> <span class='ocrx_word' id='word_1_401' title='bbox 778 5213 1304 5278; x_wconf 74' lang='lat' dir='ltr'><strong>constanterscriptum</strong></span> <span class='ocrx_word' id='word_1_402' title='bbox 1327 5219 1421 5273; x_wconf 84' lang='lat' dir='ltr'><strong>est,</strong></span> <span class='ocrx_word' id='word_1_403' title='bbox 1449 5211 1631 5278; x_wconf 71' lang='lat' dir='ltr'><strong>Atlans.</strong></span> 
     </span>
    </p>
   </div>
   <div class='ocr_carea' id='block_1_55' title="bbox 200 5271 1742 5346">
    <p class='ocr_par' dir='ltr' id='par_1_55' title="bbox 200 5271 1742 5346">
     <span class='ocr_line' id='line_1_56' title="bbox 200 5271 1742 5346; baseline 0 -21"><span class='ocrx_word' id='word_1_404' title='bbox 200 5271 244 5342; x_wconf 56' lang='lat' dir='ltr'><strong><em>f</em></strong></span> <span class='ocrx_word' id='word_1_405' title='bbox 273 5277 338 5346; x_wconf 75' lang='lat' dir='ltr'><strong>tta</strong></span> <span class='ocrx_word' id='word_1_406' title='bbox 487 5281 541 5326; x_wconf 79' lang='lat' dir='ltr'><strong>At</strong></span> <span class='ocrx_word' id='word_1_407' title='bbox 563 5275 696 5325; x_wconf 81' lang='lat' dir='ltr'><strong>Vind.</strong></span> <span class='ocrx_word' id='word_1_408' title='bbox 725 5285 824 5324; x_wconf 76' lang='lat' dir='ltr'><strong>Am.</strong></span> <span class='ocrx_word' id='word_1_409' title='bbox 852 5281 944 5336; x_wconf 83' lang='lat' dir='ltr'><strong>Er.,</strong></span> <span class='ocrx_word' id='word_1_410' title='bbox 972 5271 1325 5326; x_wconf 75' lang='lat' dir='ltr'><strong>Mehuwa&#39;mice.</strong></span> <span class='ocrx_word' id='word_1_411' title='bbox 1355 5271 1487 5335; x_wconf 76' lang='lat' dir='ltr'><strong>Lov.,</strong></span> <span class='ocrx_word' id='word_1_412' title='bbox 1513 5273 1742 5325; x_wconf 69' lang='lat' dir='ltr'><strong>Metamo-</strong></span> 
     </span>
    </p>
   </div>
   <div class='ocr_carea' id='block_1_56' title="bbox 165 5344 320 5384">
    <p class='ocr_par' dir='ltr' id='par_1_56' title="bbox 165 5344 320 5384">
     <span class='ocr_line' id='line_1_57' title="bbox 165 5344 320 5384; baseline 0.026 -4"><span class='ocrx_word' id='word_1_413' title='bbox 165 5344 278 5384; x_wconf 77' lang='lat' dir='ltr'><strong>uice.</strong></span> <span class='ocrx_word' id='word_1_414' title='bbox 317 5344 320 5352; x_wconf 61' lang='grc'>³</span> 
     </span>
    </p>
   </div>
   <div class='ocr_carea' id='block_1_57' title="bbox 223 5437 1740 5501">
    <p class='ocr_par' dir='ltr' id='par_1_57' title="bbox 223 5437 1740 5501">
     <span class='ocr_line' id='line_1_58' title="bbox 223 5437 1740 5501; baseline 0.002 -15"><span class='ocrx_word' id='word_1_415' title='bbox 223 5437 294 5498; x_wconf 79' lang='lat' dir='ltr'><strong>(a)</strong></span> <span class='ocrx_word' id='word_1_416' title='bbox 314 5440 388 5490; x_wconf 85' lang='lat' dir='ltr'><strong>sic</strong></span> <span class='ocrx_word' id='word_1_417' title='bbox 405 5441 642 5490; x_wconf 82' lang='lat' dir='ltr'><strong>Eusebius</strong></span> <span class='ocrx_word' id='word_1_418' title='bbox 663 5441 714 5490; x_wconf 86' lang='lat' dir='ltr'><strong>in</strong></span> <span class='ocrx_word' id='word_1_419' title='bbox 733 5440 980 5498; x_wconf 86' lang='lat' dir='ltr'><strong>Chronico,</strong></span> <span class='ocrx_word' id='word_1_420' title='bbox 1006 5453 1068 5490; x_wconf 82' lang='lat' dir='ltr'><strong>ex</strong></span> <span class='ocrx_word' id='word_1_421' title='bbox 1089 5439 1294 5490; x_wconf 83' lang='lat' dir='ltr'><strong>aliorum</strong></span> <span class='ocrx_word' id='word_1_422' title='bbox 1316 5447 1368 5490; x_wconf 87' lang='lat' dir='ltr'><strong>et</strong></span> <span class='ocrx_word' id='word_1_423' title='bbox 1389 5441 1494 5501; x_wconf 85' lang='lat' dir='ltr'><strong>ipse</strong></span> <span class='ocrx_word' id='word_1_424' title='bbox 1513 5440 1740 5501; x_wconf 86' lang='lat' dir='ltr'><strong>Opinione</strong></span> 
     </span>
    </p>
   </div>
   <div class='ocr_carea' id='block_1_58' title="bbox 165 5493 1742 5566">
    <p class='ocr_par' dir='ltr' id='par_1_58' title="bbox 165 5493 1742 5566">
     <span class='ocr_line' id='line_1_59' title="bbox 165 5493 1742 5566; baseline 0.002 -18"><span class='ocrx_word' id='word_1_425' title='bbox 165 5493 398 5560; x_wconf 61' lang='lat' dir='ltr'><strong>liniuens:</strong></span> <span class='ocrx_word' id='word_1_426' title='bbox 433 5519 458 5550; x_wconf 72' lang='lat' dir='ltr'><strong>at</strong></span> <span class='ocrx_word' id='word_1_427' title='bbox 479 5503 748 5566; x_wconf 69' lang='lat' dir='ltr'><strong>secundum</strong></span> <span class='ocrx_word' id='word_1_428' title='bbox 787 5493 1114 5566; x_wconf 66' lang='lat' dir='ltr'><strong>quor-urndam,</strong></span> <span class='ocrx_word' id='word_1_429' title='bbox 1139 5519 1162 5548; x_wconf 69' lang='grc' dir='ltr'><strong>ι</strong></span> <span class='ocrx_word' id='word_1_430' title='bbox 1205 5503 1288 5566; x_wconf 87' lang='lat' dir='ltr'><strong>ait,</strong></span> <span class='ocrx_word' id='word_1_431' title='bbox 1321 5519 1344 5546; x_wconf 74' lang='grc' dir='ltr'>κ</span> <span class='ocrx_word' id='word_1_432' title='bbox 1366 5493 1644 5566; x_wconf 68' lang='lat' dir='ltr'><strong>opinionem</strong></span> <span class='ocrx_word' id='word_1_433' title='bbox 1669 5502 1742 5551; x_wconf 83' lang='lat' dir='ltr'><strong>his</strong></span> 
     </span>
    </p>
   </div>
   <div class='ocr_carea' id='block_1_59' title="bbox 171 5563 1742 5634">
    <p class='ocr_par' dir='ltr' id='par_1_59' title="bbox 171 5563 1742 5634">
     <span class='ocr_line' id='line_1_60' title="bbox 171 5563 1742 5634; baseline 0.003 -26"><span class='ocrx_word' id='word_1_434' title='bbox 171 5575 192 5604; x_wconf 80' lang='grc' dir='ltr'>ι</span> <span class='ocrx_word' id='word_1_435' title='bbox 213 5566 506 5624; x_wconf 82' lang='lat' dir='ltr'><strong>temporibus</strong></span> <span class='ocrx_word' id='word_1_436' title='bbox 524 5563 616 5614; x_wconf 83' lang='lat' dir='ltr'><strong>fuit</strong></span> <span class='ocrx_word' id='word_1_437' title='bbox 660 5563 988 5622; x_wconf 77' lang='lat' dir='ltr'><strong>Prometheus,</strong></span> <span class='ocrx_word' id='word_1_438' title='bbox 1026 5578 1054 5614; x_wconf 88' lang='lat' dir='ltr'><strong>a</strong></span> <span class='ocrx_word' id='word_1_439' title='bbox 1077 5578 1193 5634; x_wconf 28' lang='lat' dir='ltr'><strong>quo.</strong></span> <span class='ocrx_word' id='word_1_440' title='bbox 1215 5565 1434 5634; x_wconf 78' lang='lat' dir='ltr'><strong>homines</strong></span> <span class='ocrx_word' id='word_1_441' title='bbox 1458 5565 1742 5634; x_wconf 67' lang='lat' dir='ltr'><strong>laetosesse</strong></span> 
     </span>
    </p>
   </div>
   <div class='ocr_carea' id='block_1_60' title="bbox 169 5627 1740 5686">
    <p class='ocr_par' dir='ltr' id='par_1_60' title="bbox 169 5627 1740 5686">
     <span class='ocr_line' id='line_1_61' title="bbox 169 5627 1740 5686; baseline 0.003 -16"><span class='ocrx_word' id='word_1_442' title='bbox 169 5637 190 5664; x_wconf 77' lang='grc' dir='ltr'>ι</span> <span class='ocrx_word' id='word_1_443' title='bbox 210 5635 614 5677; x_wconf 66' lang='lat' dir='ltr'><strong>wnuntemoraut:</strong></span> <span class='ocrx_word' id='word_1_444' title='bbox 644 5634 694 5675; x_wconf 87' lang='lat' dir='ltr'><strong>et</strong></span> <span class='ocrx_word' id='word_1_445' title='bbox 719 5641 774 5676; x_wconf 87' lang='lat' dir='ltr'><strong>re</strong></span> <span class='ocrx_word' id='word_1_446' title='bbox 801 5641 942 5686; x_wconf 86' lang='lat' dir='ltr'><strong>vera;</strong></span> <span class='ocrx_word' id='word_1_447' title='bbox 981 5640 1090 5677; x_wconf 90' lang='lat' dir='ltr'><strong>cum</strong></span> <span class='ocrx_word' id='word_1_448' title='bbox 1117 5629 1248 5676; x_wconf 85' lang='lat' dir='ltr'><strong>enim</strong></span> <span class='ocrx_word' id='word_1_449' title='bbox 1269 5627 1464 5686; x_wconf 85' lang='lat' dir='ltr'><strong>sapiens</strong></span> <span class='ocrx_word' id='word_1_450' title='bbox 1487 5631 1636 5682; x_wconf 86' lang='lat' dir='ltr'><strong>esset,</strong></span> <span class='ocrx_word' id='word_1_451' title='bbox 1667 5627 1740 5674; x_wconf 89' lang='lat' dir='ltr'><strong>l&#39;e-</strong></span> 
     </span>
    </p>
   </div>
   <div class='ocr_carea' id='block_1_61' title="bbox 133 5686 1742 5752">
    <p class='ocr_par' dir='ltr' id='par_1_61' title="bbox 133 5686 1742 5752">
     <span class='ocr_line' id='line_1_62' title="bbox 133 5686 1742 5752; baseline 0.006 -24"><span class='ocrx_word' id='word_1_452' title='bbox 133 5733 138 5738; x_wconf 55' lang='grc'>,</span> <span class='ocrx_word' id='word_1_453' title='bbox 169 5698 192 5728; x_wconf 74' lang='grc' dir='ltr'><strong>ι</strong></span> <span class='ocrx_word' id='word_1_454' title='bbox 213 5686 400 5752; x_wconf 79' lang='lat' dir='ltr'><strong>rttatetn</strong></span> <span class='ocrx_word' id='word_1_455' title='bbox 425 5701 594 5740; x_wconf 85' lang='lat' dir='ltr'><strong>eorum</strong></span> <span class='ocrx_word' id='word_1_456' title='bbox 609 5697 662 5752; x_wconf 90' lang='lat' dir='ltr'><strong>et</strong></span> <span class='ocrx_word' id='word_1_457' title='bbox 687 5689 880 5738; x_wconf 87' lang='lat' dir='ltr'><strong>nimiam</strong></span> <span class='ocrx_word' id='word_1_458' title='bbox 903 5689 1190 5752; x_wconf 85' lang='lat' dir='ltr'><strong>imperitiam</strong></span> <span class='ocrx_word' id='word_1_459' title='bbox 1219 5689 1280 5740; x_wconf 88' lang='lat' dir='ltr'><strong>ad</strong></span> <span class='ocrx_word' id='word_1_460' title='bbox 1319 5686 1666 5738; x_wconf 83' lang='lat' dir='ltr'><strong>humanitatem</strong></span> <span class='ocrx_word' id='word_1_461' title='bbox 1687 5693 1742 5738; x_wconf 91' lang='lat' dir='ltr'><strong>et</strong></span> 
     </span>
    </p>
   </div>
   <div class='ocr_carea' id='block_1_62' title="bbox 171 5751 912 5816">
    <p class='ocr_par' dir='ltr' id='par_1_62' title="bbox 171 5751 912 5816">
     <span class='ocr_line' id='line_1_63' title="bbox 171 5751 912 5816; baseline 0 -18"><span class='ocrx_word' id='word_1_462' title='bbox 171 5757 196 5791; x_wconf 73' lang='grc' dir='ltr'>ι</span> <span class='ocrx_word' id='word_1_463' title='bbox 213 5751 460 5800; x_wconf 76' lang='lat' dir='ltr'><strong>scientiam</strong></span> <span class='ocrx_word' id='word_1_464' title='bbox 483 5751 866 5816; x_wconf 83' lang='lat' dir='ltr'><strong>transilgurabat.</strong></span> <span class='ocrx_word' id='word_1_465' title='bbox 889 5767 912 5798; x_wconf 76' lang='grc' dir='ltr'><strong>ι</strong></span> 
     </span>
    </p>
   </div>
   <div class='ocr_carea' id='block_1_63' title="bbox 1888 340 3464 421">
    <p class='ocr_par' dir='ltr' id='par_1_63' title="bbox 1888 340 3464 421">
     <span class='ocr_line' id='line_1_64' title="bbox 1888 340 3464 421; baseline 0.008 -28"><span class='ocrx_word' id='word_1_466' title='bbox 1888 340 2012 394; x_wconf 90' lang='lat' dir='ltr'><strong>teris</strong></span> <span class='ocrx_word' id='word_1_467' title='bbox 2060 341 2481 412; x_wconf 82' lang='lat' dir='ltr'><strong>mandaverunt,</strong></span> <span class='ocrx_word' id='word_1_468' title='bbox 2513 344 2696 399; x_wconf 90' lang='lat' dir='ltr'><strong>ambos</strong></span> <span class='ocrx_word' id='word_1_469' title='bbox 2743 345 2985 400; x_wconf 89' lang='lat' dir='ltr'><strong>homines</strong></span> <span class='ocrx_word' id='word_1_470' title='bbox 3019 345 3202 416; x_wconf 82' lang='lat' dir='ltr'><strong>fuisse,</strong></span> <span class='ocrx_word' id='word_1_471' title='bbox 3231 361 3285 404; x_wconf 89' lang='lat' dir='ltr'><strong>et</strong></span> <span class='ocrx_word' id='word_1_472' title='bbox 3323 351 3464 421; x_wconf 87' lang='lat' dir='ltr'><strong>quod</strong></span> 
     </span>
    </p>
   </div>
   <div class='ocr_carea' id='block_1_64' title="bbox 1885 421 3460 498">
    <p class='ocr_par' dir='ltr' id='par_1_64' title="bbox 1885 421 3460 498">
     <span class='ocr_line' id='line_1_65' title="bbox 1885 421 3460 498; baseline 0.006 -10"><span class='ocrx_word' id='word_1_473' title='bbox 1885 421 2196 488; x_wconf 76' lang='lat' dir='ltr'><strong>mortalibus</strong></span> <span class='ocrx_word' id='word_1_474' title='bbox 2246 431 2312 489; x_wconf 89' lang='lat' dir='ltr'><strong>ad</strong></span> <span class='ocrx_word' id='word_1_475' title='bbox 2365 433 2518 490; x_wconf 79' lang='lat' dir='ltr'><strong>istoin</strong></span> <span class='ocrx_word' id='word_1_476' title='bbox 2559 437 2718 492; x_wconf 90' lang='lat' dir='ltr'><strong>vitam</strong></span> <span class='ocrx_word' id='word_1_477' title='bbox 2778 423 3460 498; x_wconf 34' lang='lat' dir='ltr'><strong>commedius&#39;ducendaui</strong></span> 
     </span>
    </p>
   </div>
   <div class='ocr_carea' id='block_1_65' title="bbox 1883 515 3462 610">
    <p class='ocr_par' dir='ltr' id='par_1_65' title="bbox 1883 515 3462 610">
     <span class='ocr_line' id='line_1_66' title="bbox 1883 515 3462 610; baseline 0.007 -30"><span class='ocrx_word' id='word_1_478' title='bbox 1883 515 2140 581; x_wconf 76' lang='lat' dir='ltr'><strong>beneﬁcia</strong></span> <span class='ocrx_word' id='word_1_479' title='bbox 2157 519 2334 582; x_wconf 83' lang='lat' dir='ltr'><strong>multa</strong></span> <span class='ocrx_word' id='word_1_480' title='bbox 2361 515 2726 596; x_wconf 59' lang='lat' dir='ltr'><strong>contulerint,&quot;</strong></span> <span class='ocrx_word' id='word_1_481' title='bbox 2747 527 2977 587; x_wconf 79' lang='lat' dir='ltr'><strong>honores</strong></span> <span class='ocrx_word' id='word_1_482' title='bbox 3009 523 3076 589; x_wconf 76' lang='lat' dir='ltr'><strong>ab</strong></span> <span class='ocrx_word' id='word_1_483' title='bbox 3095 533 3173 610; x_wconf 79' lang='lat' dir='ltr'><strong>eis</strong></span> <span class='ocrx_word' id='word_1_484' title='bbox 3199 531 3462 591; x_wconf 41' lang='lat' dir='ltr'><strong>meruisse&quot;</strong></span> 
     </span>
    </p>
   </div>
   <div class='ocr_carea' id='block_1_66' title="bbox 1881 607 3462 694">
    <p class='ocr_par' dir='ltr' id='par_1_66' title="bbox 1881 607 3462 694">
     <span class='ocr_line' id='line_1_67' title="bbox 1881 607 3462 694; baseline 0.007 -24"><span class='ocrx_word' id='word_1_485' title='bbox 1881 615 2110 671; x_wconf 85' lang='lat' dir='ltr'><strong>divinos.</strong></span> <span class='ocrx_word' id='word_1_486' title='bbox 2142 607 2378 674; x_wconf 83' lang='lat' dir='ltr'><strong>Minerva</strong></span> <span class='ocrx_word' id='word_1_487' title='bbox 2407 635 2536 676; x_wconf 88' lang='lat' dir='ltr'><strong>vero</strong></span> <span class='ocrx_word' id='word_1_488' title='bbox 2563 615 2717 692; x_wconf 71' lang='lat' dir='ltr'><strong>longe</strong></span> <span class='ocrx_word' id='word_1_489' title='bbox 2743 607 3293 694; x_wconf 51' lang='lat' dir='ltr'><strong>his&#39;antiqtiior.&#39;Natn</strong></span> <span class='ocrx_word' id='word_1_490' title='bbox 3327 635 3462 682; x_wconf 87' lang='lat' dir='ltr'><strong>tem—</strong></span> 
     </span>
    </p>
   </div>
   <div class='ocr_carea' id='block_1_67' title="bbox 1879 703 3462 786">
    <p class='ocr_par' dir='ltr' id='par_1_67' title="bbox 1879 703 3462 786">
     <span class='ocr_line' id='line_1_68' title="bbox 1879 703 3462 786; baseline 0.006 -22"><span class='ocrx_word' id='word_1_491' title='bbox 1879 703 2096 780; x_wconf 81' lang='lat' dir='ltr'><strong>poribus</strong></span> <span class='ocrx_word' id='word_1_492' title='bbox 2125 713 2346 784; x_wconf 77' lang='lat' dir='ltr'><strong>OgygiiI</strong></span> <span class='ocrx_word' id='word_1_493' title='bbox 2377 711 2444 768; x_wconf 91' lang='lat' dir='ltr'><strong>ad</strong></span> <span class='ocrx_word' id='word_1_494' title='bbox 2490 715 2661 770; x_wconf 90' lang='lat' dir='ltr'><strong>lacum</strong></span> <span class='ocrx_word' id='word_1_495' title='bbox 2687 758 2702 783; x_wconf 91' lang='lat'><strong>,</strong></span> <span class='ocrx_word' id='word_1_496' title='bbox 2740 707 2828 786; x_wconf 90' lang='lat' dir='ltr'><strong>qui</strong></span> <span class='ocrx_word' id='word_1_497' title='bbox 2857 707 3089 772; x_wconf 81' lang='lat' dir='ltr'><strong>Tritonis</strong></span> <span class='ocrx_word' id='word_1_498' title='bbox 3117 717 3327 786; x_wconf 90' lang='lat' dir='ltr'><strong>dicitur,</strong></span> <span class='ocrx_word' id='word_1_499' title='bbox 3355 715 3462 773; x_wconf 81' lang='lat' dir='ltr'><strong>vir-</strong></span> 
     </span>
    </p>
   </div>
   <div class='ocr_carea' id='block_1_68' title="bbox 1875 789 3459 874">
    <p class='ocr_par' dir='ltr' id='par_1_68' title="bbox 1875 789 3459 874">
     <span class='ocr_line' id='line_1_69' title="bbox 1875 789 3459 874; baseline 0.007 -21"><span class='ocrx_word' id='word_1_500' title='bbox 1875 793 2034 874; x_wconf 86' lang='lat' dir='ltr'><strong>ginali</strong></span> <span class='ocrx_word' id='word_1_501' title='bbox 2056 801 2362 871; x_wconf 87' lang='lat' dir='ltr'><strong>apparuisse</strong></span> <span class='ocrx_word' id='word_1_502' title='bbox 2387 789 2553 858; x_wconf 84' lang='lat' dir='ltr'><strong>fertur</strong></span> <span class='ocrx_word' id='word_1_503' title='bbox 2575 795 2730 862; x_wconf 66' lang='lat' dir='ltr'><strong>{etate</strong></span> <span class='ocrx_word' id='word_1_504' title='bbox 2756 803 2942 870; x_wconf 54' lang='lat' dir='ltr'><strong>{unde</strong></span> <span class='ocrx_word' id='word_1_505' title='bbox 2979 816 3031 863; x_wconf 88' lang='lat' dir='ltr'><strong>et</strong></span> <span class='ocrx_word' id='word_1_506' title='bbox 3059 807 3294 863; x_wconf 89' lang='lat' dir='ltr'><strong>Tritonia</strong></span> <span class='ocrx_word' id='word_1_507' title='bbox 3325 825 3459 864; x_wconf 84' lang='lat' dir='ltr'><strong>nun-</strong></span> 
     </span>
    </p>
   </div>
   <div class='ocr_carea' id='block_1_69' title="bbox 1876 877 3462 968">
    <p class='ocr_par' dir='ltr' id='par_1_69' title="bbox 1876 877 3462 968">
     <span class='ocr_line' id='line_1_70' title="bbox 1876 877 3462 968; baseline 0.005 -20"><span class='ocrx_word' id='word_1_508' title='bbox 1876 905 2063 963; x_wconf 87' lang='lat' dir='ltr'><strong>cupata</strong></span> <span class='ocrx_word' id='word_1_509' title='bbox 2095 885 2194 949; x_wconf 49' lang='lat' dir='ltr'><strong>&#39;est</strong></span> <span class='ocrx_word' id='word_1_510' title='bbox 2227 913 2240 948; x_wconf 90' lang='lat'><strong>:</strong></span> <span class='ocrx_word' id='word_1_511' title='bbox 2287 877 2752 953; x_wconf 46' lang='lat' dir='ltr'><strong>multorum&#39;sane</strong></span> <span class='ocrx_word' id='word_1_512' title='bbox 2809 889 3026 968; x_wconf 88' lang='lat' dir='ltr'><strong>operum</strong></span> <span class='ocrx_word' id='word_1_513' title='bbox 3071 901 3374 966; x_wconf 80' lang='lat' dir='ltr'><strong>inventrix;</strong></span> <span class='ocrx_word' id='word_1_514' title='bbox 3407 911 3462 956; x_wconf 88' lang='lat' dir='ltr'><strong>et</strong></span> 
     </span>
    </p>
   </div>
   <div class='ocr_carea' id='block_1_70' title="bbox 1879 971 3459 1062">
    <p class='ocr_par' dir='ltr' id='par_1_70' title="bbox 1879 971 3459 1062">
     <span class='ocr_line' id='line_1_71' title="bbox 1879 971 3459 1062; baseline 0.005 -24"><span class='ocrx_word' id='word_1_515' title='bbox 1879 971 2023 1038; x_wconf 87' lang='lat' dir='ltr'><strong>tanto</strong></span> <span class='ocrx_word' id='word_1_516' title='bbox 2049 979 2342 1054; x_wconf 81' lang='lat' dir='ltr'><strong>proclivius</strong></span> <span class='ocrx_word' id='word_1_517' title='bbox 2367 971 2463 1041; x_wconf 78' lang='lat' dir='ltr'><strong>dea</strong></span> <span class='ocrx_word' id='word_1_518' title='bbox 2493 981 2942 1059; x_wconf 59' lang='lat' dir='ltr'><strong>credita,&#39;quauto</strong></span> <span class='ocrx_word' id='word_1_519' title='bbox 2971 991 3150 1046; x_wconf 86' lang='lat' dir='ltr'><strong>minus</strong></span> <span class='ocrx_word' id='word_1_520' title='bbox 3178 992 3326 1062; x_wconf 88' lang='lat' dir='ltr'><strong>origo</strong></span> <span class='ocrx_word' id='word_1_521' title='bbox 3344 992 3459 1062; x_wconf 88' lang='lat' dir='ltr'><strong>ejus</strong></span> 
     </span>
    </p>
   </div>
   <div class='ocr_carea' id='block_1_71' title="bbox 1876 1071 3456 1154">
    <p class='ocr_par' dir='ltr' id='par_1_71' title="bbox 1876 1071 3456 1154">
     <span class='ocr_line' id='line_1_72' title="bbox 1876 1071 3456 1154; baseline 0.005 -24"><span class='ocrx_word' id='word_1_522' title='bbox 1876 1071 2123 1154; x_wconf 78' lang='lat' dir='ltr'><strong>innotuit.</strong></span> <span class='ocrx_word' id='word_1_523' title='bbox 2172 1071 2322 1147; x_wconf 79' lang='lat' dir='ltr'><strong>Quod</strong></span> <span class='ocrx_word' id='word_1_524' title='bbox 2379 1079 2520 1154; x_wconf 85' lang='lat' dir='ltr'><strong>enim</strong></span> <span class='ocrx_word' id='word_1_525' title='bbox 2545 1079 2612 1135; x_wconf 89' lang='lat' dir='ltr'><strong>de</strong></span> <span class='ocrx_word' id='word_1_526' title='bbox 2657 1081 2828 1152; x_wconf 87' lang='lat' dir='ltr'><strong>capite</strong></span> <span class='ocrx_word' id='word_1_527' title='bbox 2874 1081 3019 1136; x_wconf 86' lang='lat' dir='ltr'><strong>Jovis</strong></span> <span class='ocrx_word' id='word_1_528' title='bbox 3061 1093 3184 1138; x_wconf 90' lang='lat' dir='ltr'><strong>nata</strong></span> <span class='ocrx_word' id='word_1_529' title='bbox 3229 1086 3456 1151; x_wconf 89' lang='lat' dir='ltr'><strong>canitur,</strong></span> 
     </span>
    </p>
   </div>
   <div class='ocr_carea' id='block_1_72' title="bbox 1877 1151 3458 1244">
    <p class='ocr_par' dir='ltr' id='par_1_72' title="bbox 1877 1151 3458 1244">
     <span class='ocr_line' id='line_1_73' title="bbox 1877 1151 3458 1244; baseline 0.006 -22"><span class='ocrx_word' id='word_1_530' title='bbox 1877 1151 2048 1236; x_wconf 85' lang='lat' dir='ltr'><strong>poetis</strong></span> <span class='ocrx_word' id='word_1_531' title='bbox 2087 1179 2141 1223; x_wconf 91' lang='lat' dir='ltr'><strong>ct</strong></span> <span class='ocrx_word' id='word_1_532' title='bbox 2185 1151 2420 1236; x_wconf 67' lang='lat' dir='ltr'><strong>fabulis,</strong></span> <span class='ocrx_word' id='word_1_533' title='bbox 2447 1187 2550 1224; x_wconf 89' lang='lat' dir='ltr'><strong>non</strong></span> <span class='ocrx_word' id='word_1_534' title='bbox 2601 1151 2839 1226; x_wconf 77' lang='lat' dir='ltr'><strong>historia:</strong></span> <span class='ocrx_word' id='word_1_535' title='bbox 2877 1167 3151 1244; x_wconf 78' lang='lat' dir='ltr'><strong>rebusque</strong></span> <span class='ocrx_word' id='word_1_536' title='bbox 3180 1175 3343 1244; x_wconf 87' lang='lat' dir='ltr'><strong>gestis</strong></span> <span class='ocrx_word' id='word_1_537' title='bbox 3373 1165 3458 1230; x_wconf 75' lang='lat' dir='ltr'><strong>est</strong></span> 
     </span>
    </p>
   </div>
   <div class='ocr_carea' id='block_1_73' title="bbox 1873 1259 3452 1336">
    <p class='ocr_par' dir='ltr' id='par_1_73' title="bbox 1873 1259 3452 1336">
     <span class='ocr_line' id='line_1_74' title="bbox 1873 1259 3452 1336; baseline 0.006 -23"><span class='ocrx_word' id='word_1_538' title='bbox 1873 1259 2265 1330; x_wconf 89' lang='lat' dir='ltr'><strong>applicandum.</strong></span> <span class='ocrx_word' id='word_1_539' title='bbox 2296 1261 2606 1333; x_wconf 87' lang='lat' dir='ltr'><strong>Quanquam</strong></span> <span class='ocrx_word' id='word_1_540' title='bbox 2633 1261 2866 1336; x_wconf 81' lang='lat' dir='ltr'><strong>Ogygios</strong></span> <span class='ocrx_word' id='word_1_541' title='bbox 2893 1265 3008 1334; x_wconf 88' lang='lat' dir='ltr'><strong>ipse</strong></span> <span class='ocrx_word' id='word_1_542' title='bbox 3036 1265 3248 1335; x_wconf 89' lang='lat' dir='ltr'><strong>quando</strong></span> <span class='ocrx_word' id='word_1_543' title='bbox 3275 1265 3452 1335; x_wconf 78' lang='lat' dir='ltr'><strong>fuerit,</strong></span> 
     </span>
    </p>
   </div>
   <div class='ocr_carea' id='block_1_74' title="bbox 1874 1350 3454 1427">
    <p class='ocr_par' dir='ltr' id='par_1_74' title="bbox 1874 1350 3454 1427">
     <span class='ocr_line' id='line_1_75' title="bbox 1874 1350 3454 1427; baseline 0.005 -23"><span class='ocrx_word' id='word_1_544' title='bbox 1874 1350 2025 1421; x_wconf 87' lang='lat' dir='ltr'><strong>cujus</strong></span> <span class='ocrx_word' id='word_1_545' title='bbox 2049 1353 2378 1422; x_wconf 85' lang='lat' dir='ltr'><strong>temporibus</strong></span> <span class='ocrx_word' id='word_1_546' title='bbox 2399 1355 2556 1410; x_wconf 90' lang='lat' dir='ltr'><strong>etiam</strong></span> <span class='ocrx_word' id='word_1_547' title='bbox 2586 1355 2842 1410; x_wconf 88' lang='lat' dir='ltr'><strong>diluvium</strong></span> <span class='ocrx_word' id='word_1_548' title='bbox 2863 1371 3108 1427; x_wconf 84' lang='lat' dir='ltr'><strong>magnum</strong></span> <span class='ocrx_word' id='word_1_549' title='bbox 3135 1357 3324 1412; x_wconf 80' lang='lat' dir='ltr'><strong>factum</strong></span> <span class='ocrx_word' id='word_1_550' title='bbox 3353 1365 3454 1424; x_wconf 88' lang='lat' dir='ltr'><strong>est,</strong></span> 
     </span>
    </p>
   </div>
   <div class='ocr_carea' id='block_1_75' title="bbox 1876 1427 3456 1516">
    <p class='ocr_par' dir='ltr' id='par_1_75' title="bbox 1876 1427 3456 1516">
     <span class='ocr_line' id='line_1_76' title="bbox 1876 1427 3456 1516; baseline 0.005 -20"><span class='ocrx_word' id='word_1_551' title='bbox 1876 1459 1978 1497; x_wconf 90' lang='lat' dir='ltr'><strong>non</strong></span> <span class='ocrx_word' id='word_1_552' title='bbox 2009 1443 2136 1498; x_wconf 91' lang='lat' dir='ltr'><strong>illud</strong></span> <span class='ocrx_word' id='word_1_553' title='bbox 2165 1445 2449 1500; x_wconf 74' lang='lat' dir='ltr'><strong>maximum</strong></span> <span class='ocrx_word' id='word_1_554' title='bbox 2474 1463 2577 1516; x_wconf 92' lang='lat' dir='ltr'><strong>quo</strong></span> <span class='ocrx_word' id='word_1_555' title='bbox 2599 1427 2728 1503; x_wconf 76' lang='lat' dir='ltr'><strong>nulli</strong></span> <span class='ocrx_word' id='word_1_556' title='bbox 2759 1449 3002 1505; x_wconf 90' lang='lat' dir='ltr'><strong>homines</strong></span> <span class='ocrx_word' id='word_1_557' title='bbox 3029 1437 3332 1515; x_wconf 85' lang='lat' dir='ltr'><strong>evaserunt,</strong></span> <span class='ocrx_word' id='word_1_558' title='bbox 3356 1449 3456 1504; x_wconf 89' lang='lat' dir='ltr'><strong>nisi</strong></span> 
     </span>
    </p>
   </div>
   <div class='ocr_carea' id='block_1_76' title="bbox 1873 1529 3455 1612">
    <p class='ocr_par' dir='ltr' id='par_1_76' title="bbox 1873 1529 3455 1612">
     <span class='ocr_line' id='line_1_77' title="bbox 1873 1529 3455 1612; baseline 0.004 -24"><span class='ocrx_word' id='word_1_559' title='bbox 1873 1537 1962 1604; x_wconf 89' lang='lat' dir='ltr'><strong>qui</strong></span> <span class='ocrx_word' id='word_1_560' title='bbox 1993 1536 2046 1590; x_wconf 92' lang='lat' dir='ltr'><strong>in</strong></span> <span class='ocrx_word' id='word_1_561' title='bbox 2075 1529 2202 1592; x_wconf 78' lang='lat' dir='ltr'><strong>arca</strong></span> <span class='ocrx_word' id='word_1_562' title='bbox 2230 1553 2354 1592; x_wconf 91' lang='lat' dir='ltr'><strong>esse</strong></span> <span class='ocrx_word' id='word_1_563' title='bbox 2387 1547 2689 1608; x_wconf 85' lang='lat' dir='ltr'><strong>potuerunt,</strong></span> <span class='ocrx_word' id='word_1_564' title='bbox 2713 1541 2854 1611; x_wconf 88' lang='lat' dir='ltr'><strong>quod</strong></span> <span class='ocrx_word' id='word_1_565' title='bbox 2889 1541 3125 1612; x_wconf 90' lang='lat' dir='ltr'><strong>gentium</strong></span> <span class='ocrx_word' id='word_1_566' title='bbox 3153 1555 3254 1596; x_wconf 91' lang='lat' dir='ltr'><strong>nec</strong></span> <span class='ocrx_word' id='word_1_567' title='bbox 3271 1537 3455 1597; x_wconf 66' lang='lat' dir='ltr'><strong>Grieca</strong></span> 
     </span>
    </p>
   </div>
   <div class='ocr_carea' id='block_1_77' title="bbox 1873 1625 3454 1702">
    <p class='ocr_par' dir='ltr' id='par_1_77' title="bbox 1873 1625 3454 1702">
     <span class='ocr_line' id='line_1_78' title="bbox 1873 1625 3454 1702; baseline 0.005 -24"><span class='ocrx_word' id='word_1_568' title='bbox 1873 1639 1970 1679; x_wconf 88' lang='lat' dir='ltr'><strong>nec</strong></span> <span class='ocrx_word' id='word_1_569' title='bbox 1999 1625 2184 1680; x_wconf 89' lang='lat' dir='ltr'><strong>Latina</strong></span> <span class='ocrx_word' id='word_1_570' title='bbox 2211 1629 2358 1682; x_wconf 88' lang='lat' dir='ltr'><strong>novit</strong></span> <span class='ocrx_word' id='word_1_571' title='bbox 2385 1627 2604 1683; x_wconf 88' lang='lat' dir='ltr'><strong>historia</strong></span> <span class='ocrx_word' id='word_1_572' title='bbox 2634 1629 2708 1702; x_wconf 88' lang='grc' dir='ltr'><strong>(α)</strong></span> <span class='ocrx_word' id='word_1_573' title='bbox 2733 1633 2749 1697; x_wconf 86' lang='lat'><strong>,</strong></span> <span class='ocrx_word' id='word_1_574' title='bbox 2786 1631 2878 1686; x_wconf 85' lang='lat' dir='ltr'><strong>sed</strong></span> <span class='ocrx_word' id='word_1_575' title='bbox 2907 1641 3082 1687; x_wconf 90' lang='lat' dir='ltr'><strong>tamen</strong></span> <span class='ocrx_word' id='word_1_576' title='bbox 3109 1631 3282 1702; x_wconf 85' lang='lat' dir='ltr'><strong>majus</strong></span> <span class='ocrx_word' id='word_1_577' title='bbox 3296 1646 3454 1702; x_wconf 89' lang='lat' dir='ltr'><strong>quam</strong></span> 
     </span>
    </p>
   </div>
   <div class='ocr_carea' id='block_1_78' title="bbox 1871 1720 3458 1794">
    <p class='ocr_par' dir='ltr' id='par_1_78' title="bbox 1871 1720 3458 1794">
     <span class='ocr_line' id='line_1_79' title="bbox 1871 1720 3458 1794; baseline 0.005 -24"><span class='ocrx_word' id='word_1_578' title='bbox 1871 1726 2054 1785; x_wconf 86' lang='lat' dir='ltr'><strong>postea</strong></span> <span class='ocrx_word' id='word_1_579' title='bbox 2083 1727 2324 1788; x_wconf 86' lang='lat' dir='ltr'><strong>tempore</strong></span> <span class='ocrx_word' id='word_1_580' title='bbox 2355 1720 2691 1776; x_wconf 85' lang='lat' dir='ltr'><strong>Deucalionis</strong></span> <span class='ocrx_word' id='word_1_581' title='bbox 2723 1721 2822 1776; x_wconf 87' lang='lat' dir='ltr'><strong>fuit</strong></span> <span class='ocrx_word' id='word_1_582' title='bbox 2849 1765 2862 1790; x_wconf 88' lang='lat'><strong>,</strong></span> <span class='ocrx_word' id='word_1_583' title='bbox 2893 1724 3032 1778; x_wconf 89' lang='lat' dir='ltr'><strong>inter</strong></span> <span class='ocrx_word' id='word_1_584' title='bbox 3057 1723 3350 1794; x_wconf 87' lang='lat' dir='ltr'><strong>scriptores</strong></span> <span class='ocrx_word' id='word_1_585' title='bbox 3375 1722 3458 1778; x_wconf 90' lang='lat' dir='ltr'><strong>hi-</strong></span> 
     </span>
    </p>
   </div>
   <div class='ocr_carea' id='block_1_79' title="bbox 1871 1809 3454 1890">
    <p class='ocr_par' dir='ltr' id='par_1_79' title="bbox 1871 1809 3454 1890">
     <span class='ocr_line' id='line_1_80' title="bbox 1871 1809 3454 1890; baseline 0.006 -30"><span class='ocrx_word' id='word_1_586' title='bbox 1871 1809 2048 1862; x_wconf 67' lang='lat' dir='ltr'><strong>storia“:</strong></span> <span class='ocrx_word' id='word_1_587' title='bbox 2073 1823 2176 1890; x_wconf 77' lang='lat' dir='ltr'><strong>non</strong></span> <span class='ocrx_word' id='word_1_588' title='bbox 2217 1811 2483 1865; x_wconf 88' lang='lat' dir='ltr'><strong>convenit.</strong></span> <span class='ocrx_word' id='word_1_589' title='bbox 2512 1811 2643 1865; x_wconf 84' lang='lat' dir='ltr'><strong>Nam</strong></span> <span class='ocrx_word' id='word_1_590' title='bbox 2674 1811 2840 1867; x_wconf 78' lang='lat' dir='ltr'><strong>Varro</strong></span> <span class='ocrx_word' id='word_1_591' title='bbox 2879 1815 3000 1868; x_wconf 88' lang='lat' dir='ltr'><strong>inde</strong></span> <span class='ocrx_word' id='word_1_592' title='bbox 3025 1829 3250 1869; x_wconf 84' lang='lat' dir='ltr'><strong>exorsus</strong></span> <span class='ocrx_word' id='word_1_593' title='bbox 3279 1823 3360 1868; x_wconf 90' lang='lat' dir='ltr'><strong>est</strong></span> <span class='ocrx_word' id='word_1_594' title='bbox 3387 1813 3454 1868; x_wconf 91' lang='lat' dir='ltr'><strong>li-</strong></span> 
     </span>
    </p>
   </div>
   <div class='ocr_carea' id='block_1_80' title="bbox 1869 1900 3451 1977">
    <p class='ocr_par' dir='ltr' id='par_1_80' title="bbox 1869 1900 3451 1977">
     <span class='ocr_line' id='line_1_81' title="bbox 1869 1900 3451 1977; baseline 0.006 -23"><span class='ocrx_word' id='word_1_595' title='bbox 1869 1900 2043 1966; x_wconf 88' lang='lat' dir='ltr'><strong>brum,</strong></span> <span class='ocrx_word' id='word_1_596' title='bbox 2077 1903 2224 1972; x_wconf 91' lang='lat' dir='ltr'><strong>cujus</strong></span> <span class='ocrx_word' id='word_1_597' title='bbox 2261 1905 2585 1960; x_wconf 90' lang='lat' dir='ltr'><strong>mentionem</strong></span> <span class='ocrx_word' id='word_1_598' title='bbox 2619 1909 2864 1977; x_wconf 89' lang='lat' dir='ltr'><strong>superius</strong></span> <span class='ocrx_word' id='word_1_599' title='bbox 2901 1908 3026 1974; x_wconf 80' lang='lat' dir='ltr'><strong>feci,</strong></span> <span class='ocrx_word' id='word_1_600' title='bbox 3057 1917 3112 1964; x_wconf 90' lang='lat' dir='ltr'><strong>et</strong></span> <span class='ocrx_word' id='word_1_601' title='bbox 3149 1909 3278 1964; x_wconf 92' lang='lat' dir='ltr'><strong>nihil</strong></span> <span class='ocrx_word' id='word_1_602' title='bbox 3329 1911 3451 1976; x_wconf 90' lang='lat' dir='ltr'><strong>sibi,</strong></span> 
     </span>
    </p>
   </div>
   <div class='ocr_carea' id='block_1_81' title="bbox 1867 1995 3454 2072">
    <p class='ocr_par' dir='ltr' id='par_1_81' title="bbox 1867 1995 3454 2072">
     <span class='ocr_line' id='line_1_82' title="bbox 1867 1995 3454 2072; baseline 0.005 -25"><span class='ocrx_word' id='word_1_603' title='bbox 1867 2005 1934 2047; x_wconf 80' lang='lat' dir='ltr'><strong>ex</strong></span> <span class='ocrx_word' id='word_1_604' title='bbox 1963 2009 2068 2063; x_wconf 90' lang='lat' dir='ltr'><strong>quo</strong></span> <span class='ocrx_word' id='word_1_605' title='bbox 2099 1995 2372 2063; x_wconf 85' lang='lat' dir='ltr'><strong>perveniat</strong></span> <span class='ocrx_word' id='word_1_606' title='bbox 2399 1997 2464 2050; x_wconf 91' lang='lat' dir='ltr'><strong>ad</strong></span> <span class='ocrx_word' id='word_1_607' title='bbox 2491 2013 2575 2053; x_wconf 86' lang='lat' dir='ltr'><strong>res</strong></span> <span class='ocrx_word' id='word_1_608' title='bbox 2605 1997 2891 2062; x_wconf 81' lang='lat' dir='ltr'><strong>Romanas,</strong></span> <span class='ocrx_word' id='word_1_609' title='bbox 2919 2002 3168 2072; x_wconf 88' lang='lat' dir='ltr'><strong>proponit</strong></span> <span class='ocrx_word' id='word_1_610' title='bbox 3187 2001 3454 2072; x_wconf 80' lang='lat' dir='ltr'><strong>antiquius</strong></span> 
     </span>
    </p>
   </div>
   <div class='ocr_carea' id='block_1_82' title="bbox 1867 2085 3452 2164">
    <p class='ocr_par' dir='ltr' id='par_1_82' title="bbox 1867 2085 3452 2164">
     <span class='ocr_line' id='line_1_83' title="bbox 1867 2085 3452 2164; baseline 0.008 -27"><span class='ocrx_word' id='word_1_611' title='bbox 1867 2099 2023 2154; x_wconf 92' lang='lat' dir='ltr'><strong>quam</strong></span> <span class='ocrx_word' id='word_1_612' title='bbox 2067 2087 2250 2158; x_wconf 81' lang='lat' dir='ltr'><strong>Ogygii</strong></span> <span class='ocrx_word' id='word_1_613' title='bbox 2281 2085 2558 2158; x_wconf 82' lang='lat' dir='ltr'><strong>diluvium,</strong></span> <span class='ocrx_word' id='word_1_614' title='bbox 2591 2091 2692 2146; x_wconf 90' lang='lat' dir='ltr'><strong>hoc</strong></span> <span class='ocrx_word' id='word_1_615' title='bbox 2731 2101 2832 2158; x_wconf 88' lang='lat' dir='ltr'><strong>est,</strong></span> <span class='ocrx_word' id='word_1_616' title='bbox 2863 2091 3046 2164; x_wconf 68' lang='lat' dir='ltr'><strong>Ogygii</strong></span> <span class='ocrx_word' id='word_1_617' title='bbox 3093 2093 3287 2150; x_wconf 86' lang='lat' dir='ltr'><strong>factum</strong></span> <span class='ocrx_word' id='word_1_618' title='bbox 3318 2104 3452 2149; x_wconf 80' lang='lat' dir='ltr'><strong>tem-</strong></span> 
     </span>
    </p>
   </div>
   <div class='ocr_carea' id='block_1_83' title="bbox 1867 2177 3452 2257">
    <p class='ocr_par' dir='ltr' id='par_1_83' title="bbox 1867 2177 3452 2257">
     <span class='ocr_line' id='line_1_84' title="bbox 1867 2177 3452 2257; baseline 0.008 -28"><span class='ocrx_word' id='word_1_619' title='bbox 1867 2177 2106 2245; x_wconf 84' lang='lat' dir='ltr'><strong>poribus.</strong></span> <span class='ocrx_word' id='word_1_620' title='bbox 2131 2179 2304 2234; x_wconf 87' lang='lat' dir='ltr'><strong>Nostri</strong></span> <span class='ocrx_word' id='word_1_621' title='bbox 2335 2193 2512 2244; x_wconf 85' lang='lat' dir='ltr'><strong>autetn</strong></span> <span class='ocrx_word' id='word_1_622' title='bbox 2538 2185 2626 2253; x_wconf 90' lang='lat' dir='ltr'><strong>qui</strong></span> <span class='ocrx_word' id='word_1_623' title='bbox 2644 2183 2908 2240; x_wconf 87' lang='lat' dir='ltr'><strong>Chronica</strong></span> <span class='ocrx_word' id='word_1_624' title='bbox 2935 2187 3280 2256; x_wconf 84' lang='lat' dir='ltr'><strong>scripserunt,</strong></span> <span class='ocrx_word' id='word_1_625' title='bbox 3305 2187 3452 2257; x_wconf 88' lang='lat' dir='ltr'><strong>prius</strong></span> 
     </span>
    </p>
   </div>
   <div class='ocr_carea' id='block_1_84' title="bbox 1867 2267 3453 2348">
    <p class='ocr_par' dir='ltr' id='par_1_84' title="bbox 1867 2267 3453 2348">
     <span class='ocr_line' id='line_1_85' title="bbox 1867 2267 3453 2348; baseline 0.007 -27"><span class='ocrx_word' id='word_1_626' title='bbox 1867 2267 2151 2336; x_wconf 84' lang='lat' dir='ltr'><strong>Eusebius,</strong></span> <span class='ocrx_word' id='word_1_627' title='bbox 2197 2279 2315 2338; x_wconf 90' lang='lat' dir='ltr'><strong>post</strong></span> <span class='ocrx_word' id='word_1_628' title='bbox 2343 2272 2727 2345; x_wconf 84' lang='lat' dir='ltr'><strong>Hieronymus,</strong></span> <span class='ocrx_word' id='word_1_629' title='bbox 2762 2278 2848 2345; x_wconf 86' lang='lat' dir='ltr'><strong>qui</strong></span> <span class='ocrx_word' id='word_1_630' title='bbox 2879 2278 3060 2348; x_wconf 87' lang='lat' dir='ltr'><strong>utique</strong></span> <span class='ocrx_word' id='word_1_631' title='bbox 3090 2279 3453 2348; x_wconf 65' lang='lat' dir='ltr'><strong>praecedentes</strong></span> 
     </span>
    </p>
   </div>
   <div class='ocr_carea' id='block_1_85' title="bbox 1864 2359 3451 2440">
    <p class='ocr_par' dir='ltr' id='par_1_85' title="bbox 1864 2359 3451 2440">
     <span class='ocr_line' id='line_1_86' title="bbox 1864 2359 3451 2440; baseline 0.008 -28"><span class='ocrx_word' id='word_1_632' title='bbox 1864 2359 2069 2428; x_wconf 89' lang='lat' dir='ltr'><strong>aliquos</strong></span> <span class='ocrx_word' id='word_1_633' title='bbox 2107 2360 2387 2436; x_wconf 71' lang='lat' dir='ltr'><strong>historicos</strong></span> <span class='ocrx_word' id='word_1_634' title='bbox 2433 2365 2484 2418; x_wconf 92' lang='lat' dir='ltr'><strong>in</strong></span> <span class='ocrx_word' id='word_1_635' title='bbox 2537 2366 2634 2434; x_wconf 74' lang='lat' dir='ltr'><strong>hac</strong></span> <span class='ocrx_word' id='word_1_636' title='bbox 2664 2367 2914 2436; x_wconf 80' lang='lat' dir='ltr'><strong>Opinione</strong></span> <span class='ocrx_word' id='word_1_637' title='bbox 2957 2371 3130 2436; x_wconf 79' lang='lat' dir='ltr'><strong>secuti</strong></span> <span class='ocrx_word' id='word_1_638' title='bbox 3157 2379 3300 2436; x_wconf 75' lang='lat' dir='ltr'><strong>sunt,</strong></span> <span class='ocrx_word' id='word_1_639' title='bbox 3331 2379 3451 2440; x_wconf 88' lang='lat' dir='ltr'><strong>post</strong></span> 
     </span>
    </p>
   </div>
   <div class='ocr_carea' id='block_1_86' title="bbox 1863 2455 3448 2534">
    <p class='ocr_par' dir='ltr' id='par_1_86' title="bbox 1863 2455 3448 2534">
     <span class='ocr_line' id='line_1_87' title="bbox 1863 2455 3448 2534; baseline 0.009 -28"><span class='ocrx_word' id='word_1_640' title='bbox 1863 2467 2032 2508; x_wconf 89' lang='lat' dir='ltr'><strong>annos</strong></span> <span class='ocrx_word' id='word_1_641' title='bbox 2077 2455 2302 2530; x_wconf 79' lang='lat' dir='ltr'><strong>amplius</strong></span> <span class='ocrx_word' id='word_1_642' title='bbox 2343 2473 2500 2528; x_wconf 90' lang='lat' dir='ltr'><strong>quam</strong></span> <span class='ocrx_word' id='word_1_643' title='bbox 2531 2468 2794 2528; x_wconf 77' lang='lat' dir='ltr'><strong>trecentos</strong></span> <span class='ocrx_word' id='word_1_644' title='bbox 2820 2462 2931 2530; x_wconf 89' lang='lat' dir='ltr'><strong>jam</strong></span> <span class='ocrx_word' id='word_1_645' title='bbox 2961 2463 3196 2528; x_wconf 87' lang='lat' dir='ltr'><strong>secundo</strong></span> <span class='ocrx_word' id='word_1_646' title='bbox 3221 2463 3448 2534; x_wconf 86' lang='lat' dir='ltr'><strong>Argivo-</strong></span> 
     </span>
    </p>
   </div>
   <div class='ocr_carea' id='block_1_87' title="bbox 1862 2547 3448 2626">
    <p class='ocr_par' dir='ltr' id='par_1_87' title="bbox 1862 2547 3448 2626">
     <span class='ocr_line' id='line_1_88' title="bbox 1862 2547 3448 2626; baseline 0.009 -28"><span class='ocrx_word' id='word_1_647' title='bbox 1862 2560 1978 2610; x_wconf 79' lang='lat' dir='ltr'><strong>rum</strong></span> <span class='ocrx_word' id='word_1_648' title='bbox 2005 2547 2286 2612; x_wconf 84' lang='lat' dir='ltr'><strong>Phorouco</strong></span> <span class='ocrx_word' id='word_1_649' title='bbox 2313 2566 2438 2622; x_wconf 80' lang='lat' dir='ltr'><strong>rege</strong></span> <span class='ocrx_word' id='word_1_650' title='bbox 2483 2561 2740 2622; x_wconf 88' lang='lat' dir='ltr'><strong>regnante</strong></span> <span class='ocrx_word' id='word_1_651' title='bbox 2766 2553 2950 2624; x_wconf 84' lang='lat' dir='ltr'><strong>Ogygii</strong></span> <span class='ocrx_word' id='word_1_652' title='bbox 3003 2555 3258 2610; x_wconf 89' lang='lat' dir='ltr'><strong>diluvium</strong></span> <span class='ocrx_word' id='word_1_653' title='bbox 3285 2554 3448 2626; x_wconf 83' lang='lat' dir='ltr'><strong>fuisse</strong></span> 
     </span>
    </p>
   </div>
   <div class='ocr_carea' id='block_1_88' title="bbox 1861 2641 3450 2730">
    <p class='ocr_par' dir='ltr' id='par_1_88' title="bbox 1861 2641 3450 2730">
     <span class='ocr_line' id='line_1_89' title="bbox 1861 2641 3450 2730; baseline 0.006 -38"><span class='ocrx_word' id='word_1_654' title='bbox 1861 2651 2298 2730; x_wconf 66' lang='lat' dir='ltr'><strong>commetttpraut.</strong></span> <span class='ocrx_word' id='word_1_655' title='bbox 2329 2641 2436 2698; x_wconf 79' lang='lat' dir='ltr'><strong>Sed</strong></span> <span class='ocrx_word' id='word_1_656' title='bbox 2473 2645 2711 2716; x_wconf 78' lang='lat' dir='ltr'><strong>quolibet</strong></span> <span class='ocrx_word' id='word_1_657' title='bbox 2739 2655 2978 2716; x_wconf 89' lang='lat' dir='ltr'><strong>tempore</strong></span> <span class='ocrx_word' id='word_1_658' title='bbox 3023 2647 3200 2718; x_wconf 68' lang='lat' dir='ltr'><strong>fuerit,</strong></span> <span class='ocrx_word' id='word_1_659' title='bbox 3231 2647 3338 2716; x_wconf 88' lang='lat' dir='ltr'><strong>jatn</strong></span> <span class='ocrx_word' id='word_1_660' title='bbox 3371 2655 3450 2712; x_wconf 82' lang='lat' dir='ltr'><strong>ta-</strong></span> 
     </span>
    </p>
   </div>
   <div class='ocr_carea' id='block_1_89' title="bbox 1861 2733 3446 2810">
    <p class='ocr_par' dir='ltr' id='par_1_89' title="bbox 1861 2733 3446 2810">
     <span class='ocr_line' id='line_1_90' title="bbox 1861 2733 3446 2810; baseline 0.006 -24"><span class='ocrx_word' id='word_1_661' title='bbox 1861 2747 1982 2806; x_wconf 76' lang='lat' dir='ltr'><strong>men</strong></span> <span class='ocrx_word' id='word_1_662' title='bbox 2013 2733 2246 2806; x_wconf 77' lang='lat' dir='ltr'><strong>Minerva</strong></span> <span class='ocrx_word' id='word_1_663' title='bbox 2271 2743 2516 2806; x_wconf 86' lang='lat' dir='ltr'><strong>tanquam</strong></span> <span class='ocrx_word' id='word_1_664' title='bbox 2543 2737 2642 2792; x_wconf 86' lang='lat' dir='ltr'><strong>dea</strong></span> <span class='ocrx_word' id='word_1_665' title='bbox 2669 2739 2962 2802; x_wconf 87' lang='lat' dir='ltr'><strong>colebatur,</strong></span> <span class='ocrx_word' id='word_1_666' title='bbox 2999 2749 3254 2810; x_wconf 84' lang='lat' dir='ltr'><strong>regnante</strong></span> <span class='ocrx_word' id='word_1_667' title='bbox 3277 2739 3446 2802; x_wconf 80' lang='lat' dir='ltr'><strong>Athe-</strong></span> 
     </span>
    </p>
   </div>
   <div class='ocr_carea' id='block_1_90' title="bbox 1859 2825 3444 2901">
    <p class='ocr_par' dir='ltr' id='par_1_90' title="bbox 1859 2825 3444 2901">
     <span class='ocr_line' id='line_1_91' title="bbox 1859 2825 3444 2901; baseline 0.006 -23"><span class='ocrx_word' id='word_1_668' title='bbox 1859 2825 2131 2880; x_wconf 88' lang='lat' dir='ltr'><strong>niensibus</strong></span> <span class='ocrx_word' id='word_1_669' title='bbox 2169 2827 2426 2898; x_wconf 78' lang='lat' dir='ltr'><strong>CecrOpe,</strong></span> <span class='ocrx_word' id='word_1_670' title='bbox 2473 2829 2571 2882; x_wconf 90' lang='lat' dir='ltr'><strong>sub</strong></span> <span class='ocrx_word' id='word_1_671' title='bbox 2609 2845 2714 2900; x_wconf 91' lang='lat' dir='ltr'><strong>quo</strong></span> <span class='ocrx_word' id='word_1_672' title='bbox 2762 2847 2888 2901; x_wconf 85' lang='lat' dir='ltr'><strong>rege</strong></span> <span class='ocrx_word' id='word_1_673' title='bbox 2935 2833 3090 2888; x_wconf 86' lang='lat' dir='ltr'><strong>etiam</strong></span> <span class='ocrx_word' id='word_1_674' title='bbox 3145 2831 3313 2900; x_wconf 86' lang='lat' dir='ltr'><strong>ipsam</strong></span> <span class='ocrx_word' id='word_1_675' title='bbox 3361 2833 3444 2890; x_wconf 82' lang='lat' dir='ltr'><strong>vel</strong></span> 
     </span>
    </p>
   </div>
   <div class='ocr_carea' id='block_1_91' title="bbox 1859 2919 3158 2992">
    <p class='ocr_par' dir='ltr' id='par_1_91' title="bbox 1859 2919 3158 2992">
     <span class='ocr_line' id='line_1_92' title="bbox 1859 2919 3158 2992; baseline 0.004 -20"><span class='ocrx_word' id='word_1_676' title='bbox 1859 2919 2206 2988; x_wconf 83' lang='lat' dir='ltr'><strong>instauratam</strong></span> <span class='ocrx_word' id='word_1_677' title='bbox 2237 2919 2430 2992; x_wconf 69' lang='lat' dir='ltr'><strong>ierunt,</strong></span> <span class='ocrx_word' id='word_1_678' title='bbox 2461 2922 2544 2990; x_wconf 82' lang='lat' dir='ltr'><strong>vel</strong></span> <span class='ocrx_word' id='word_1_679' title='bbox 2570 2923 2836 2978; x_wconf 85' lang='lat' dir='ltr'><strong>conditam</strong></span> <span class='ocrx_word' id='word_1_680' title='bbox 2867 2925 3158 2988; x_wconf 77' lang='lat' dir='ltr'><strong>civitatem.</strong></span> 
     </span>
    </p>
   </div>
   <div class='ocr_carea' id='block_1_92' title="bbox 1856 3011 3440 3079">
    <p class='ocr_par' dir='ltr' id='par_1_92' title="bbox 1856 3011 3440 3079">
     <span class='ocr_line' id='line_1_93' title="bbox 1856 3011 3440 3079; baseline 0.004 -13"><span class='ocrx_word' id='word_1_681' title='bbox 1856 3011 2080 3068; x_wconf 80' lang='lat' dir='ltr'><strong>CAPUT</strong></span> <span class='ocrx_word' id='word_1_682' title='bbox 2137 3013 2226 3076; x_wconf 60' lang='grc' dir='ltr'><strong>ΚΧ.</strong></span> <span class='ocrx_word' id='word_1_683' title='bbox 2275 3043 2346 3053; x_wconf 93' lang='grc'><strong><em>-</em></strong></span> <span class='ocrx_word' id='word_1_684' title='bbox 2408 3013 2626 3079; x_wconf 82' lang='lat' dir='ltr'><strong>Quando</strong></span> <span class='ocrx_word' id='word_1_685' title='bbox 2687 3014 3067 3070; x_wconf 79' lang='lat' dir='ltr'><strong>Atheniensium</strong></span> <span class='ocrx_word' id='word_1_686' title='bbox 3141 3019 3314 3070; x_wconf 79' lang='lat' dir='ltr'><strong>civitas</strong></span> <span class='ocrx_word' id='word_1_687' title='bbox 3375 3020 3440 3074; x_wconf 81' lang='lat' dir='ltr'><strong>sit</strong></span> 
     </span>
    </p>
   </div>
   <div class='ocr_carea' id='block_1_93' title="bbox 1928 3105 3442 3180">
    <p class='ocr_par' dir='ltr' id='par_1_93' title="bbox 1928 3105 3442 3180">
     <span class='ocr_line' id='line_1_94' title="bbox 1928 3105 3442 3180; baseline 0.004 -22"><span class='ocrx_word' id='word_1_688' title='bbox 1928 3105 2152 3176; x_wconf 62' lang='lat' dir='ltr'><strong>condita,</strong></span> <span class='ocrx_word' id='word_1_689' title='bbox 2177 3115 2224 3162; x_wconf 82' lang='lat' dir='ltr'><strong>et</strong></span> <span class='ocrx_word' id='word_1_690' title='bbox 2250 3122 2404 3176; x_wconf 84' lang='lat' dir='ltr'><strong>quam</strong></span> <span class='ocrx_word' id='word_1_691' title='bbox 2445 3123 2652 3162; x_wconf 81' lang='lat' dir='ltr'><strong>causam</strong></span> <span class='ocrx_word' id='word_1_692' title='bbox 2697 3108 2914 3180; x_wconf 74' lang='lat' dir='ltr'><strong>nominis</strong></span> <span class='ocrx_word' id='word_1_693' title='bbox 2937 3109 3046 3179; x_wconf 72' lang='lat' dir='ltr'><strong>ejus</strong></span> <span class='ocrx_word' id='word_1_694' title='bbox 3083 3107 3241 3176; x_wconf 83' lang='lat' dir='ltr'><strong>Varro</strong></span> <span class='ocrx_word' id='word_1_695' title='bbox 3273 3111 3442 3179; x_wconf 83' lang='lat' dir='ltr'><strong>perhi-</strong></span> 
     </span>
    </p>
   </div>
   <div class='ocr_carea' id='block_1_94' title="bbox 1927 3199 2056 3254">
    <p class='ocr_par' dir='ltr' id='par_1_94' title="bbox 1927 3199 2056 3254">
     <span class='ocr_line' id='line_1_95' title="bbox 1927 3199 2056 3254; baseline -0.023 -2"><span class='ocrx_word' id='word_1_696' title='bbox 1927 3199 2056 3254; x_wconf 80' lang='lat' dir='ltr'><strong>beat.</strong></span> 
     </span>
    </p>
   </div>
   <div class='ocr_carea' id='block_1_95' title="bbox 1925 3286 3438 3360">
    <p class='ocr_par' dir='ltr' id='par_1_95' title="bbox 1925 3286 3438 3360">
     <span class='ocr_line' id='line_1_96' title="bbox 1925 3286 3438 3360; baseline 0.005 -20"><span class='ocrx_word' id='word_1_697' title='bbox 1925 3286 2056 3352; x_wconf 87' lang='lat' dir='ltr'><strong>Nam</strong></span> <span class='ocrx_word' id='word_1_698' title='bbox 2090 3297 2148 3342; x_wconf 92' lang='lat' dir='ltr'><strong>ut</strong></span> <span class='ocrx_word' id='word_1_699' title='bbox 2195 3287 2420 3360; x_wconf 57' lang='lat' dir='ltr'><strong>Athena;</strong></span> <span class='ocrx_word' id='word_1_700' title='bbox 2447 3297 2761 3358; x_wconf 80' lang='lat' dir='ltr'><strong>vocarentur</strong></span> <span class='ocrx_word' id='word_1_701' title='bbox 2785 3329 2798 3354; x_wconf 91' lang='lat'><strong>,</strong></span> <span class='ocrx_word' id='word_1_702' title='bbox 2827 3289 2970 3360; x_wconf 91' lang='lat' dir='ltr'><strong>quod</strong></span> <span class='ocrx_word' id='word_1_703' title='bbox 3010 3299 3158 3346; x_wconf 89' lang='lat' dir='ltr'><strong>certe</strong></span> <span class='ocrx_word' id='word_1_704' title='bbox 3188 3305 3379 3358; x_wconf 79' lang='lat' dir='ltr'><strong>nomen</strong></span> <span class='ocrx_word' id='word_1_705' title='bbox 3408 3306 3438 3348; x_wconf 85' lang='lat' dir='ltr'><strong>a</strong></span> 
     </span>
    </p>
   </div>
   <div class='ocr_carea' id='block_1_96' title="bbox 1855 3371 3440 3456">
    <p class='ocr_par' dir='ltr' id='par_1_96' title="bbox 1855 3371 3440 3456">
     <span class='ocr_line' id='line_1_97' title="bbox 1855 3371 3440 3456; baseline 0.006 -24"><span class='ocrx_word' id='word_1_706' title='bbox 1855 3377 2084 3448; x_wconf 72' lang='lat' dir='ltr'><strong>Minerva</strong></span> <span class='ocrx_word' id='word_1_707' title='bbox 2116 3388 2218 3444; x_wconf 89' lang='lat' dir='ltr'><strong>est,</strong></span> <span class='ocrx_word' id='word_1_708' title='bbox 2240 3396 2354 3450; x_wconf 83' lang='lat' dir='ltr'><strong>quae</strong></span> <span class='ocrx_word' id='word_1_709' title='bbox 2391 3395 2562 3456; x_wconf 66' lang='lat' dir='ltr'><strong>gratae</strong></span> <span class='ocrx_word' id='word_1_710' title='bbox 2603 3371 2760 3444; x_wconf 65' lang='grc' dir='ltr'><strong>Αθηνᾶ</strong></span> <span class='ocrx_word' id='word_1_711' title='bbox 2805 3381 3018 3448; x_wconf 85' lang='lat' dir='ltr'><strong>dicitur,</strong></span> <span class='ocrx_word' id='word_1_712' title='bbox 3057 3381 3192 3448; x_wconf 85' lang='lat' dir='ltr'><strong>hanc</strong></span> <span class='ocrx_word' id='word_1_713' title='bbox 3229 3387 3440 3442; x_wconf 83' lang='lat' dir='ltr'><strong>causam</strong></span> 
     </span>
    </p>
   </div>
   <div class='ocr_carea' id='block_1_97' title="bbox 1855 3468 3480 3548">
    <p class='ocr_par' dir='ltr' id='par_1_97' title="bbox 1855 3468 3480 3548">
     <span class='ocr_line' id='line_1_98' title="bbox 1855 3468 3480 3548; baseline 0.007 -26"><span class='ocrx_word' id='word_1_714' title='bbox 1855 3468 2021 3546; x_wconf 67' lang='lat' dir='ltr'><strong>Varro</strong></span> <span class='ocrx_word' id='word_1_715' title='bbox 2051 3470 2263 3548; x_wconf 65' lang='lat' dir='ltr'><strong>iudicat.</strong></span> <span class='ocrx_word' id='word_1_716' title='bbox 2310 3469 2442 3526; x_wconf 88' lang='lat' dir='ltr'><strong>Cum</strong></span> <span class='ocrx_word' id='word_1_717' title='bbox 2463 3473 2794 3544; x_wconf 81' lang='lat' dir='ltr'><strong>apparuisset</strong></span> <span class='ocrx_word' id='word_1_718' title='bbox 2820 3475 2924 3530; x_wconf 91' lang='lat' dir='ltr'><strong>illic</strong></span> <span class='ocrx_word' id='word_1_719' title='bbox 2951 3485 3168 3546; x_wconf 88' lang='lat' dir='ltr'><strong>repente</strong></span> <span class='ocrx_word' id='word_1_720' title='bbox 3183 3477 3334 3530; x_wconf 77' lang='lat' dir='ltr'><strong>oliva:</strong></span> <span class='ocrx_word' id='word_1_721' title='bbox 3358 3492 3445 3532; x_wconf 88' lang='lat' dir='ltr'><strong>ar—</strong></span> <span class='ocrx_word' id='word_1_722' title='bbox 3477 3531 3480 3534; x_wconf 89' lang='lat'><strong>.</strong></span> 
     </span>
    </p>
   </div>
   <div class='ocr_carea' id='block_1_98' title="bbox 1853 3547 3442 3644">
    <p class='ocr_par' dir='ltr' id='par_1_98' title="bbox 1853 3547 3442 3644">
     <span class='ocr_line' id='line_1_99' title="bbox 1853 3547 3442 3644; baseline 0.006 -28"><span class='ocrx_word' id='word_1_723' title='bbox 1853 3562 1970 3628; x_wconf 89' lang='lat' dir='ltr'><strong>bor,</strong></span> <span class='ocrx_word' id='word_1_724' title='bbox 2017 3573 2070 3632; x_wconf 89' lang='lat' dir='ltr'><strong>et</strong></span> <span class='ocrx_word' id='word_1_725' title='bbox 2098 3547 2203 3618; x_wconf 87' lang='lat' dir='ltr'><strong>alio</strong></span> <span class='ocrx_word' id='word_1_726' title='bbox 2233 3547 2347 3636; x_wconf 76' lang='lat' dir='ltr'><strong>ioco</strong></span> <span class='ocrx_word' id='word_1_727' title='bbox 2375 3580 2508 3634; x_wconf 84' lang='lat' dir='ltr'><strong>aqua</strong></span> <span class='ocrx_word' id='word_1_728' title='bbox 2537 3568 2822 3636; x_wconf 82' lang='lat' dir='ltr'><strong>erUpissct,</strong></span> <span class='ocrx_word' id='word_1_729' title='bbox 2867 3583 3046 3644; x_wconf 65' lang='lat' dir='ltr'><strong>regem</strong></span> <span class='ocrx_word' id='word_1_730' title='bbox 3077 3568 3312 3638; x_wconf 84' lang='lat' dir='ltr'><strong>prodigia</strong></span> <span class='ocrx_word' id='word_1_731' title='bbox 3341 3569 3442 3626; x_wconf 87' lang='lat' dir='ltr'><strong>ista</strong></span> 
     </span>
    </p>
   </div>
   <div class='ocr_carea' id='block_1_99' title="bbox 1853 3655 3442 3736">
    <p class='ocr_par' dir='ltr' id='par_1_99' title="bbox 1853 3655 3442 3736">
     <span class='ocr_line' id='line_1_100' title="bbox 1853 3655 3442 3736; baseline 0.004 -28"><span class='ocrx_word' id='word_1_732' title='bbox 1853 3663 2155 3732; x_wconf 79' lang='lat' dir='ltr'><strong>moverunt,</strong></span> <span class='ocrx_word' id='word_1_733' title='bbox 2179 3665 2232 3724; x_wconf 74' lang='lat' dir='ltr'><strong>et</strong></span> <span class='ocrx_word' id='word_1_734' title='bbox 2256 3655 2473 3710; x_wconf 88' lang='lat' dir='ltr'><strong>misitad</strong></span> <span class='ocrx_word' id='word_1_735' title='bbox 2486 3656 2776 3732; x_wconf 69' lang='lat' dir='ltr'><strong>Apollinem</strong></span> <span class='ocrx_word' id='word_1_736' title='bbox 2793 3657 3102 3736; x_wconf 73' lang='lat' dir='ltr'><strong>Detphicqm</strong></span> <span class='ocrx_word' id='word_1_737' title='bbox 3117 3658 3442 3732; x_wconf 82' lang='lat' dir='ltr'><strong>sciscitatum</strong></span> 
     </span>
    </p>
   </div>
   <div class='ocr_carea' id='block_1_100' title="bbox 1851 3748 3444 3828">
    <p class='ocr_par' dir='ltr' id='par_1_100' title="bbox 1851 3748 3444 3828">
     <span class='ocr_line' id='line_1_101' title="bbox 1851 3748 3444 3828; baseline 0.003 -24"><span class='ocrx_word' id='word_1_738' title='bbox 1851 3748 1976 3818; x_wconf 79' lang='lat' dir='ltr'><strong>quid</strong></span> <span class='ocrx_word' id='word_1_739' title='bbox 1997 3749 2396 3828; x_wconf 69' lang='lat' dir='ltr'><strong>intelligendum</strong></span> <span class='ocrx_word' id='word_1_740' title='bbox 2425 3759 2583 3815; x_wconf 86' lang='lat' dir='ltr'><strong>esset,</strong></span> <span class='ocrx_word' id='word_1_741' title='bbox 2612 3750 2736 3822; x_wconf 81' lang='lat' dir='ltr'><strong>quid</strong></span> <span class='ocrx_word' id='word_1_742' title='bbox 2767 3751 3080 3806; x_wconf 81' lang='lat' dir='ltr'><strong>faciendum.</strong></span> <span class='ocrx_word' id='word_1_743' title='bbox 3113 3751 3202 3806; x_wconf 91' lang='lat' dir='ltr'><strong>llle</strong></span> <span class='ocrx_word' id='word_1_744' title='bbox 3227 3767 3444 3822; x_wconf 77' lang='lat' dir='ltr'><strong>respon-</strong></span> 
     </span>
    </p>
   </div>
   <div class='ocr_carea' id='block_1_101' title="bbox 1851 3827 3436 3920">
    <p class='ocr_par' dir='ltr' id='par_1_101' title="bbox 1851 3827 3436 3920">
     <span class='ocr_line' id='line_1_102' title="bbox 1851 3827 3436 3920; baseline 0.001 -21"><span class='ocrx_word' id='word_1_745' title='bbox 1851 3845 1928 3899; x_wconf 92' lang='lat' dir='ltr'><strong>dit</strong></span> <span class='ocrx_word' id='word_1_746' title='bbox 1948 3843 2087 3914; x_wconf 74' lang='lat' dir='ltr'><strong>quod,</strong></span> <span class='ocrx_word' id='word_1_747' title='bbox 2113 3827 2228 3898; x_wconf 81' lang='lat' dir='ltr'><strong>olea</strong></span> <span class='ocrx_word' id='word_1_748' title='bbox 2258 3827 2548 3918; x_wconf 76' lang='lat' dir='ltr'><strong>Minervam</strong></span> <span class='ocrx_word' id='word_1_749' title='bbox 2575 3845 2914 3920; x_wconf 58' lang='lat' dir='ltr'><strong>signiﬁcaret,</strong></span> <span class='ocrx_word' id='word_1_750' title='bbox 2946 3845 3084 3900; x_wconf 89' lang='lat' dir='ltr'><strong>unda</strong></span> <span class='ocrx_word' id='word_1_751' title='bbox 3109 3845 3436 3915; x_wconf 77' lang='lat' dir='ltr'><strong>Neptunum,</strong></span> 
     </span>
    </p>
   </div>
   <div class='ocr_carea' id='block_1_102' title="bbox 1851 3937 3444 4010">
    <p class='ocr_par' dir='ltr' id='par_1_102' title="bbox 1851 3937 3444 4010">
     <span class='ocr_line' id='line_1_103' title="bbox 1851 3937 3444 4010; baseline 0.001 -18"><span class='ocrx_word' id='word_1_752' title='bbox 1851 3947 1904 3992; x_wconf 92' lang='lat' dir='ltr'><strong>et</strong></span> <span class='ocrx_word' id='word_1_753' title='bbox 1926 3937 2066 4010; x_wconf 91' lang='lat' dir='ltr'><strong>quod</strong></span> <span class='ocrx_word' id='word_1_754' title='bbox 2092 3945 2234 3992; x_wconf 90' lang='lat' dir='ltr'><strong>esset</strong></span> <span class='ocrx_word' id='word_1_755' title='bbox 2257 3937 2308 3992; x_wconf 90' lang='lat' dir='ltr'><strong>in</strong></span> <span class='ocrx_word' id='word_1_756' title='bbox 2329 3937 2522 3992; x_wconf 87' lang='lat' dir='ltr'><strong>civium</strong></span> <span class='ocrx_word' id='word_1_757' title='bbox 2552 3947 2829 4008; x_wconf 78' lang='lat' dir='ltr'><strong>potestate,</strong></span> <span class='ocrx_word' id='word_1_758' title='bbox 2856 3955 2918 3996; x_wconf 85' lang='lat' dir='ltr'><strong>cx</strong></span> <span class='ocrx_word' id='word_1_759' title='bbox 2940 3937 3089 4008; x_wconf 88' lang='lat' dir='ltr'><strong>cujus</strong></span> <span class='ocrx_word' id='word_1_760' title='bbox 3115 3937 3328 4000; x_wconf 81' lang='lat' dir='ltr'><strong>nomine</strong></span> <span class='ocrx_word' id='word_1_761' title='bbox 3355 3951 3444 4010; x_wconf 91' lang='lat' dir='ltr'><strong>po-</strong></span> 
     </span>
    </p>
   </div>
   <div class='ocr_carea' id='block_1_103' title="bbox 1853 4031 3522 4108">
    <p class='ocr_par' dir='ltr' id='par_1_103' title="bbox 1853 4031 3522 4108">
     <span class='ocr_line' id='line_1_104' title="bbox 1853 4031 3522 4108; baseline 0.004 -24"><span class='ocrx_word' id='word_1_762' title='bbox 1853 4031 1958 4088; x_wconf 89' lang='lat' dir='ltr'><strong>tius</strong></span> <span class='ocrx_word' id='word_1_763' title='bbox 1985 4031 2210 4094; x_wconf 88' lang='lat' dir='ltr'><strong>duorum</strong></span> <span class='ocrx_word' id='word_1_764' title='bbox 2234 4031 2477 4098; x_wconf 90' lang='lat' dir='ltr'><strong>deorum,</strong></span> <span class='ocrx_word' id='word_1_765' title='bbox 2502 4047 2726 4106; x_wconf 84' lang='lat' dir='ltr'><strong>quorum</strong></span> <span class='ocrx_word' id='word_1_766' title='bbox 2745 4033 2892 4108; x_wconf 82' lang='lat' dir='ltr'><strong>signa</strong></span> <span class='ocrx_word' id='word_1_767' title='bbox 2921 4032 3008 4086; x_wconf 91' lang='lat' dir='ltr'><strong>illa</strong></span> <span class='ocrx_word' id='word_1_768' title='bbox 3029 4039 3230 4098; x_wconf 84' lang='lat' dir='ltr'><strong>essent,</strong></span> <span class='ocrx_word' id='word_1_769' title='bbox 3257 4031 3444 4090; x_wconf 74' lang='lat' dir='ltr'><strong>civitas</strong></span> <span class='ocrx_word' id='word_1_770' title='bbox 3499 4037 3522 4060; x_wconf 82' lang='lat'><strong><em>&#39;</em></strong></span> 
     </span>
    </p>
   </div>
   <div class='ocr_carea' id='block_1_104' title="bbox 1851 4121 3440 4198">
    <p class='ocr_par' dir='ltr' id='par_1_104' title="bbox 1851 4121 3440 4198">
     <span class='ocr_line' id='line_1_105' title="bbox 1851 4121 3440 4198; baseline 0.003 -24"><span class='ocrx_word' id='word_1_771' title='bbox 1851 4131 2152 4184; x_wconf 81' lang='lat' dir='ltr'><strong>vocaretur.</strong></span> <span class='ocrx_word' id='word_1_772' title='bbox 2179 4121 2284 4198; x_wconf 77' lang='lat' dir='ltr'><strong>lsto</strong></span> <span class='ocrx_word' id='word_1_773' title='bbox 2315 4121 2544 4196; x_wconf 79' lang='lat' dir='ltr'><strong>CecrOps</strong></span> <span class='ocrx_word' id='word_1_774' title='bbox 2572 4123 2786 4196; x_wconf 73' lang='lat' dir='ltr'><strong>oraculo</strong></span> <span class='ocrx_word' id='word_1_775' title='bbox 2809 4135 3050 4196; x_wconf 84' lang='lat' dir='ltr'><strong>accepto,</strong></span> <span class='ocrx_word' id='word_1_776' title='bbox 3082 4123 3226 4178; x_wconf 69' lang='lat' dir='ltr'><strong>cives</strong></span> <span class='ocrx_word' id='word_1_777' title='bbox 3253 4137 3440 4178; x_wconf 87' lang='lat' dir='ltr'><strong>omnes</strong></span> 
     </span>
    </p>
   </div>
   <div class='ocr_carea' id='block_1_105' title="bbox 1851 4214 3434 4292">
    <p class='ocr_par' dir='ltr' id='par_1_105' title="bbox 1851 4214 3434 4292">
     <span class='ocr_line' id='line_1_106' title="bbox 1851 4214 3434 4292; baseline 0.001 -26"><span class='ocrx_word' id='word_1_778' title='bbox 1851 4214 2124 4290; x_wconf 81' lang='lat' dir='ltr'><strong>utriusque</strong></span> <span class='ocrx_word' id='word_1_779' title='bbox 2151 4229 2311 4282; x_wconf 78' lang='lat' dir='ltr'><strong>sexus</strong></span> <span class='ocrx_word' id='word_1_780' title='bbox 2343 4215 2483 4286; x_wconf 88' lang='lat' dir='ltr'><strong>(mos</strong></span> <span class='ocrx_word' id='word_1_781' title='bbox 2513 4215 2654 4292; x_wconf 75' lang='lat' dir='ltr'><strong>enim</strong></span> <span class='ocrx_word' id='word_1_782' title='bbox 2687 4223 2808 4288; x_wconf 77' lang='lat' dir='ltr'><strong>tunc</strong></span> <span class='ocrx_word' id='word_1_783' title='bbox 2835 4215 2886 4270; x_wconf 91' lang='lat' dir='ltr'><strong>in</strong></span> <span class='ocrx_word' id='word_1_784' title='bbox 2919 4214 3118 4276; x_wconf 85' lang='lat' dir='ltr'><strong>eisdem</strong></span> <span class='ocrx_word' id='word_1_785' title='bbox 3149 4215 3282 4282; x_wconf 87' lang='lat' dir='ltr'><strong>locis</strong></span> <span class='ocrx_word' id='word_1_786' title='bbox 3301 4223 3434 4283; x_wconf 86' lang='lat' dir='ltr'><strong>erat,</strong></span> 
     </span>
    </p>
   </div>
   <div class='ocr_carea' id='block_1_106' title="bbox 1851 4305 3434 4380">
    <p class='ocr_par' dir='ltr' id='par_1_106' title="bbox 1851 4305 3434 4380">
     <span class='ocr_line' id='line_1_107' title="bbox 1851 4305 3434 4380; baseline 0 -20"><span class='ocrx_word' id='word_1_787' title='bbox 1851 4315 1908 4360; x_wconf 91' lang='lat' dir='ltr'><strong>ut</strong></span> <span class='ocrx_word' id='word_1_788' title='bbox 1932 4308 2088 4366; x_wconf 86' lang='lat' dir='ltr'><strong>etiam</strong></span> <span class='ocrx_word' id='word_1_789' title='bbox 2115 4307 2324 4362; x_wconf 68' lang='lat' dir='ltr'><strong>fontium</strong></span> <span class='ocrx_word' id='word_1_790' title='bbox 2351 4307 2574 4376; x_wconf 89' lang='lat' dir='ltr'><strong>publicis</strong></span> <span class='ocrx_word' id='word_1_791' title='bbox 2599 4305 3072 4380; x_wconf 66' lang='lat' dir='ltr'><strong>consultationibus</strong></span> <span class='ocrx_word' id='word_1_792' title='bbox 3091 4305 3434 4378; x_wconf 70' lang='lat' dir='ltr'><strong>interessent)</strong></span> 
     </span>
    </p>
   </div>
   <div class='ocr_carea' id='block_1_107' title="bbox 1849 4397 3437 4474">
    <p class='ocr_par' dir='ltr' id='par_1_107' title="bbox 1849 4397 3437 4474">
     <span class='ocr_line' id='line_1_108' title="bbox 1849 4397 3437 4474; baseline 0.002 -20"><span class='ocrx_word' id='word_1_793' title='bbox 1849 4400 1915 4454; x_wconf 92' lang='lat' dir='ltr'><strong>ad</strong></span> <span class='ocrx_word' id='word_1_794' title='bbox 1947 4399 2218 4456; x_wconf 81' lang='lat' dir='ltr'><strong>ferendum</strong></span> <span class='ocrx_word' id='word_1_795' title='bbox 2250 4399 2556 4474; x_wconf 74' lang='lat' dir='ltr'><strong>suffragium</strong></span> <span class='ocrx_word' id='word_1_796' title='bbox 2602 4400 2930 4472; x_wconf 79' lang='lat' dir='ltr'><strong>convocavit.</strong></span> <span class='ocrx_word' id='word_1_797' title='bbox 2971 4397 3222 4456; x_wconf 88' lang='lat' dir='ltr'><strong>Cousulta</strong></span> <span class='ocrx_word' id='word_1_798' title='bbox 3279 4399 3437 4470; x_wconf 86' lang='lat' dir='ltr'><strong>igitur</strong></span> 
     </span>
    </p>
   </div>
   <div class='ocr_carea' id='block_1_108' title="bbox 1850 4479 3436 4572">
    <p class='ocr_par' dir='ltr' id='par_1_108' title="bbox 1850 4479 3436 4572">
     <span class='ocr_line' id='line_1_109' title="bbox 1850 4479 3436 4572; baseline -0.001 -25"><span class='ocrx_word' id='word_1_799' title='bbox 1850 4479 2184 4556; x_wconf 81' lang='lat' dir='ltr'><strong>multitudine</strong></span> <span class='ocrx_word' id='word_1_800' title='bbox 2209 4509 2384 4572; x_wconf 76' lang='lat' dir='ltr'><strong>mares</strong></span> <span class='ocrx_word' id='word_1_801' title='bbox 2421 4508 2515 4562; x_wconf 89' lang='lat' dir='ltr'><strong>pro</strong></span> <span class='ocrx_word' id='word_1_802' title='bbox 2548 4492 2812 4572; x_wconf 64' lang='lat' dir='ltr'><strong>Neptuno,</strong></span> <span class='ocrx_word' id='word_1_803' title='bbox 2845 4491 3052 4566; x_wconf 70' lang='lat' dir='ltr'><strong>t&#39;cminat</strong></span> <span class='ocrx_word' id='word_1_804' title='bbox 3083 4505 3178 4562; x_wconf 89' lang='lat' dir='ltr'><strong>pro</strong></span> <span class='ocrx_word' id='word_1_805' title='bbox 3203 4490 3436 4546; x_wconf 79' lang='lat' dir='ltr'><strong>Minerva</strong></span> 
     </span>
    </p>
   </div>
   <div class='ocr_carea' id='block_1_109' title="bbox 1849 4579 3434 4660">
    <p class='ocr_par' dir='ltr' id='par_1_109' title="bbox 1849 4579 3434 4660">
     <span class='ocr_line' id='line_1_110' title="bbox 1849 4579 3434 4660; baseline -0.004 -19"><span class='ocrx_word' id='word_1_806' title='bbox 1849 4587 2017 4642; x_wconf 85' lang='lat' dir='ltr'><strong>tulere</strong></span> <span class='ocrx_word' id='word_1_807' title='bbox 2073 4587 2362 4646; x_wconf 80' lang='lat' dir='ltr'><strong>sententias</strong></span> <span class='ocrx_word' id='word_1_808' title='bbox 2393 4603 2406 4648; x_wconf 73' lang='grc' dir='ltr'>ς</span> <span class='ocrx_word' id='word_1_809' title='bbox 2437 4593 2490 4640; x_wconf 89' lang='lat' dir='ltr'><strong>et</strong></span> <span class='ocrx_word' id='word_1_810' title='bbox 2541 4585 2662 4658; x_wconf 85' lang='lat' dir='ltr'><strong>quia</strong></span> <span class='ocrx_word' id='word_1_811' title='bbox 2703 4598 2804 4638; x_wconf 89' lang='lat' dir='ltr'><strong>uua</strong></span> <span class='ocrx_word' id='word_1_812' title='bbox 2839 4583 2958 4660; x_wconf 86' lang='lat' dir='ltr'><strong>plus</strong></span> <span class='ocrx_word' id='word_1_813' title='bbox 3000 4591 3080 4636; x_wconf 88' lang='lat' dir='ltr'><strong>est</strong></span> <span class='ocrx_word' id='word_1_814' title='bbox 3107 4581 3328 4636; x_wconf 84' lang='lat' dir='ltr'><strong>inventa</strong></span> <span class='ocrx_word' id='word_1_815' title='bbox 3355 4579 3434 4634; x_wconf 79' lang='lat' dir='ltr'><strong>fe-</strong></span> 
     </span>
    </p>
   </div>
   <div class='ocr_carea' id='block_1_110' title="bbox 1850 4673 3436 4752">
    <p class='ocr_par' dir='ltr' id='par_1_110' title="bbox 1850 4673 3436 4752">
     <span class='ocr_line' id='line_1_111' title="bbox 1850 4673 3436 4752; baseline -0.003 -18"><span class='ocrx_word' id='word_1_816' title='bbox 1850 4683 2131 4748; x_wconf 86' lang='lat' dir='ltr'><strong>minarum,</strong></span> <span class='ocrx_word' id='word_1_817' title='bbox 2153 4679 2380 4736; x_wconf 75' lang='lat' dir='ltr'><strong>Minervzt</strong></span> <span class='ocrx_word' id='word_1_818' title='bbox 2405 4678 2552 4735; x_wconf 86' lang='lat' dir='ltr'><strong>vicit.</strong></span> <span class='ocrx_word' id='word_1_819' title='bbox 2572 4678 2718 4734; x_wconf 86' lang='lat' dir='ltr'><strong>Tunc</strong></span> <span class='ocrx_word' id='word_1_820' title='bbox 2737 4677 3008 4752; x_wconf 86' lang='lat' dir='ltr'><strong>Neptunus</strong></span> <span class='ocrx_word' id='word_1_821' title='bbox 3033 4676 3198 4730; x_wconf 89' lang='lat' dir='ltr'><strong>iratus</strong></span> <span class='ocrx_word' id='word_1_822' title='bbox 3217 4673 3436 4730; x_wconf 88' lang='lat' dir='ltr'><strong>marinis</strong></span> 
     </span>
    </p>
   </div>
   <div class='ocr_carea' id='block_1_111' title="bbox 1847 4766 3434 4838">
    <p class='ocr_par' dir='ltr' id='par_1_111' title="bbox 1847 4766 3434 4838">
     <span class='ocr_line' id='line_1_112' title="bbox 1847 4766 3434 4838; baseline -0.005 -10"><span class='ocrx_word' id='word_1_823' title='bbox 1847 4774 2094 4830; x_wconf 85' lang='lat' dir='ltr'><strong>ﬂuctibus</strong></span> <span class='ocrx_word' id='word_1_824' title='bbox 2121 4772 2542 4834; x_wconf 74' lang='lat' dir='ltr'><strong>exarstuantihus</strong></span> <span class='ocrx_word' id='word_1_825' title='bbox 2584 4779 2754 4828; x_wconf 81' lang='lat' dir='ltr'><strong>terras</strong></span> <span class='ocrx_word' id='word_1_826' title='bbox 2779 4768 3180 4830; x_wconf 79' lang='lat' dir='ltr'><strong>Atheniensium</strong></span> <span class='ocrx_word' id='word_1_827' title='bbox 3212 4766 3434 4838; x_wconf 89' lang='lat' dir='ltr'><strong>popula-</strong></span> 
     </span>
    </p>
   </div>
   <div class='ocr_carea' id='block_1_112' title="bbox 1848 4857 3434 4938">
    <p class='ocr_par' dir='ltr' id='par_1_112' title="bbox 1848 4857 3434 4938">
     <span class='ocr_line' id='line_1_113' title="bbox 1848 4857 3434 4938; baseline -0.004 -18"><span class='ocrx_word' id='word_1_828' title='bbox 1848 4875 1934 4938; x_wconf 83' lang='lat' dir='ltr'><strong>tus</strong></span> <span class='ocrx_word' id='word_1_829' title='bbox 1959 4874 2040 4922; x_wconf 89' lang='lat' dir='ltr'><strong>est</strong></span> <span class='ocrx_word' id='word_1_830' title='bbox 2072 4883 2084 4918; x_wconf 92' lang='lat'>:</span> <span class='ocrx_word' id='word_1_831' title='bbox 2117 4865 2363 4938; x_wconf 90' lang='lat' dir='ltr'><strong>quoniam</strong></span> <span class='ocrx_word' id='word_1_832' title='bbox 2394 4878 2642 4936; x_wconf 83' lang='lat' dir='ltr'><strong>spargere</strong></span> <span class='ocrx_word' id='word_1_833' title='bbox 2663 4862 2817 4930; x_wconf 75' lang='lat' dir='ltr'><strong>latius</strong></span> <span class='ocrx_word' id='word_1_834' title='bbox 2847 4860 3111 4938; x_wconf 85' lang='lat' dir='ltr'><strong>quaslibet</strong></span> <span class='ocrx_word' id='word_1_835' title='bbox 3133 4873 3299 4930; x_wconf 88' lang='lat' dir='ltr'><strong>aquas</strong></span> <span class='ocrx_word' id='word_1_836' title='bbox 3329 4857 3434 4914; x_wconf 82' lang='lat' dir='ltr'><strong>dif-</strong></span> 
     </span>
    </p>
   </div>
   <div class='ocr_carea' id='block_1_113' title="bbox 1848 4937 3434 5032">
    <p class='ocr_par' dir='ltr' id='par_1_113' title="bbox 1848 4937 3434 5032">
     <span class='ocr_line' id='line_1_114' title="bbox 1848 4937 3434 5032; baseline -0.004 -20"><span class='ocrx_word' id='word_1_837' title='bbox 1848 4937 1984 5012; x_wconf 87' lang='lat' dir='ltr'><strong>licile</strong></span> <span class='ocrx_word' id='word_1_838' title='bbox 2022 4937 2351 5030; x_wconf 70' lang='lat' dir='ltr'><strong>dteniouibus</strong></span> <span class='ocrx_word' id='word_1_839' title='bbox 2383 4970 2486 5010; x_wconf 93' lang='lat' dir='ltr'><strong>non</strong></span> <span class='ocrx_word' id='word_1_840' title='bbox 2518 4965 2618 5028; x_wconf 75' lang='lat' dir='ltr'><strong>est.</strong></span> <span class='ocrx_word' id='word_1_841' title='bbox 2665 4953 2828 5032; x_wconf 83' lang='lat' dir='ltr'><strong>Cujus</strong></span> <span class='ocrx_word' id='word_1_842' title='bbox 2867 4937 2925 5012; x_wconf 89' lang='lat' dir='ltr'><strong>ut</strong></span> <span class='ocrx_word' id='word_1_843' title='bbox 2955 4952 3226 5006; x_wconf 87' lang='lat' dir='ltr'><strong>iracundia</strong></span> <span class='ocrx_word' id='word_1_844' title='bbox 3253 4949 3434 5022; x_wconf 88' lang='lat' dir='ltr'><strong>placa-</strong></span> 
     </span>
    </p>
   </div>
   <div class='ocr_carea' id='block_1_114' title="bbox 1910 5066 3432 5136">
    <p class='ocr_par' dir='ltr' id='par_1_114' title="bbox 1910 5066 3432 5136">
     <span class='ocr_line' id='line_1_115' title="bbox 1910 5066 3432 5136; baseline -0.003 -16"><span class='ocrx_word' id='word_1_845' title='bbox 1910 5070 2088 5136; x_wconf 60' lang='lat'>!</span> <span class='ocrx_word' id='word_1_846' title='bbox 2115 5067 2266 5136; x_wconf 71' lang='lat' dir='ltr'><strong>Ogygi</strong></span> <span class='ocrx_word' id='word_1_847' title='bbox 2295 5080 2312 5118; x_wconf 89' lang='lat'><strong><em>:</em></strong></span> <span class='ocrx_word' id='word_1_848' title='bbox 2337 5075 2390 5118; x_wconf 90' lang='lat' dir='ltr'><strong>et</strong></span> <span class='ocrx_word' id='word_1_849' title='bbox 2411 5067 2537 5136; x_wconf 79' lang='lat' dir='ltr'><strong>infra</strong></span> <span class='ocrx_word' id='word_1_850' title='bbox 2555 5081 2662 5136; x_wconf 73' lang='lat' dir='ltr'><strong>pro,</strong></span> <span class='ocrx_word' id='word_1_851' title='bbox 2685 5066 2895 5136; x_wconf 63' lang='lat' dir='ltr'><strong>Ogygias</strong></span> <span class='ocrx_word' id='word_1_852' title='bbox 2911 5104 2928 5126; x_wconf 86' lang='lat'><strong>.</strong></span> <span class='ocrx_word' id='word_1_853' title='bbox 2951 5066 3160 5136; x_wconf 63' lang='lat' dir='ltr'><strong>habent,</strong></span> <span class='ocrx_word' id='word_1_854' title='bbox 3180 5073 3432 5136; x_wconf 58' lang='lat' dir='ltr'><strong>099m;</strong></span> 
     </span>
    </p>
   </div>
   <div class='ocr_carea' id='block_1_115' title="bbox 1845 5125 3434 5241">
    <p class='ocr_par' dir='ltr' id='par_1_115' title="bbox 1845 5125 3434 5241">
     <span class='ocr_line' id='line_1_116' title="bbox 1845 5125 3434 5241; baseline -0.001 -63"><span class='ocrx_word' id='word_1_855' title='bbox 1845 5132 2036 5240; x_wconf 46' lang='lat' dir='ltr'><strong>quid?)</strong></span> <span class='ocrx_word' id='word_1_856' title='bbox 2059 5125 2339 5241; x_wconf 43' lang='lat' dir='ltr'><strong>sangui&#39;isto</strong></span> <span class='ocrx_word' id='word_1_857' title='bbox 2355 5125 2571 5198; x_wconf 79' lang='lat' dir='ltr'><strong>secundo</strong></span> <span class='ocrx_word' id='word_1_858' title='bbox 2593 5125 2928 5194; x_wconf 57' lang='grc' dir='ltr'><strong>ιοὸοξόᾷῃρίδζ</strong></span> <span class='ocrx_word' id='word_1_859' title='bbox 2945 5129 3062 5178; x_wconf 78' lang='lat' dir='ltr'><strong>Vide</strong></span> <span class='ocrx_word' id='word_1_860' title='bbox 3085 5125 3330 5188; x_wconf 51' lang='lat' dir='ltr'><strong>infrafiib.</strong></span> <span class='ocrx_word' id='word_1_861' title='bbox 3353 5125 3434 5188; x_wconf 73' lang='lat'><strong>21,</strong></span> 
     </span>
     <span class='ocr_line' id='line_1_117' title="bbox 1845 5205 2181 5241; baseline 0 0"><span class='ocrx_word' id='word_1_862' title='bbox 1845 5205 1949 5241; x_wconf 86' lang='lat' dir='ltr'><strong>can.</strong></span> <span class='ocrx_word' id='word_1_863' title='bbox 2009 5225 2024 5241; x_wconf 89' lang='lat'><strong>.</strong></span> <span class='ocrx_word' id='word_1_864' title='bbox 2097 5230 2108 5241; x_wconf 94' lang='lat'><strong>.</strong></span> <span class='ocrx_word' id='word_1_865' title='bbox 2169 5228 2181 5241; x_wconf 91' lang='lat'><strong>.</strong></span> 
     </span>
    </p>
   </div>
   <div class='ocr_carea' id='block_1_116' title="bbox 1843 5205 2181 5246">
    <p class='ocr_par' dir='ltr' id='par_1_116' title="bbox 1843 5205 2181 5246">
     <span class='ocr_line' id='line_1_118' title="bbox 1843 5205 2181 5246; baseline 0 -4"><span class='ocrx_word' id='word_1_866' title='bbox 1843 5205 1949 5246; x_wconf 84' lang='lat' dir='ltr'><strong>can.</strong></span> <span class='ocrx_word' id='word_1_867' title='bbox 1974 5205 2024 5246; x_wconf 75' lang='grc' dir='ltr'><strong>δ,</strong></span> <span class='ocrx_word' id='word_1_868' title='bbox 2059 5205 2108 5241; x_wconf 78' lang='lat' dir='ltr'><strong>ﬂ.</strong></span> <span class='ocrx_word' id='word_1_869' title='bbox 2134 5205 2181 5242; x_wconf 72' lang='grc'><strong>’2.</strong></span> 
     </span>
    </p>
   </div>
   <div class='ocr_carea' id='block_1_117' title="bbox 1903 5207 3432 5326">
    <p class='ocr_par' dir='ltr' id='par_1_117' title="bbox 1903 5207 3432 5326">
     <span class='ocr_line' id='line_1_119' title="bbox 1903 5207 3432 5326; baseline 0 0"><span class='ocrx_word' id='word_1_870' title='bbox 1903 5207 2371 5326; x_wconf 49' lang='grc' dir='ltr'><strong>ῗὶιῖιὲοῗὶᾞοτιξίεεθ.</strong></span> <span class='ocrx_word' id='word_1_871' title='bbox 2401 5260 2566 5326; x_wconf 55' lang='lat' dir='ltr'><strong>tamen</strong></span> <span class='ocrx_word' id='word_1_872' title='bbox 2603 5249 2995 5326; x_wconf 55' lang='grc' dir='ltr'><strong>ἱμερταεεξιιίιθεξ</strong></span> <span class='ocrx_word' id='word_1_873' title='bbox 3023 5250 3432 5326; x_wconf 55' lang='grc' dir='ltr'><strong>βίξιρξίφβρᾼξιί</strong></span> 
     </span>
    </p>
   </div>
   <div class='ocr_carea' id='block_1_118' title="bbox 1843 5315 3430 5374">
    <p class='ocr_par' dir='ltr' id='par_1_118' title="bbox 1843 5315 3430 5374">
     <span class='ocr_line' id='line_1_120' title="bbox 1843 5315 3430 5374; baseline -0.004 -10"><span class='ocrx_word' id='word_1_874' title='bbox 1843 5315 2040 5364; x_wconf 81' lang='lat' dir='ltr'><strong>maximi</strong></span> <span class='ocrx_word' id='word_1_875' title='bbox 2064 5317 2201 5366; x_wconf 90' lang='lat' dir='ltr'><strong>istius</strong></span> <span class='ocrx_word' id='word_1_876' title='bbox 2221 5323 2272 5366; x_wconf 87' lang='lat' dir='ltr'><strong>et</strong></span> <span class='ocrx_word' id='word_1_877' title='bbox 2292 5315 2583 5365; x_wconf 90' lang='lat' dir='ltr'><strong>universalis</strong></span> <span class='ocrx_word' id='word_1_878' title='bbox 2603 5315 2789 5364; x_wconf 87' lang='lat' dir='ltr'><strong>diluvii</strong></span> <span class='ocrx_word' id='word_1_879' title='bbox 2807 5321 2956 5374; x_wconf 88' lang='lat' dir='ltr'><strong>atque</strong></span> <span class='ocrx_word' id='word_1_880' title='bbox 2976 5323 3100 5360; x_wconf 59' lang='lat' dir='ltr'><strong>arcae</strong></span> <span class='ocrx_word' id='word_1_881' title='bbox 3123 5319 3235 5374; x_wconf 13' lang='lat' dir='ltr'><strong>Noe,</strong></span> <span class='ocrx_word' id='word_1_882' title='bbox 3251 5315 3430 5374; x_wconf 78' lang='lat' dir='ltr'><strong>memi-</strong></span> 
     </span>
    </p>
   </div>
   <div class='ocr_carea' id='block_1_119' title="bbox 1843 5369 3432 5444">
    <p class='ocr_par' dir='ltr' id='par_1_119' title="bbox 1843 5369 3432 5444">
     <span class='ocr_line' id='line_1_121' title="bbox 1843 5369 3432 5444; baseline -0.004 -18"><span class='ocrx_word' id='word_1_883' title='bbox 1843 5381 2022 5434; x_wconf 85' lang='lat' dir='ltr'><strong>nerint,</strong></span> <span class='ocrx_word' id='word_1_884' title='bbox 2053 5383 2278 5428; x_wconf 87' lang='lat' dir='ltr'><strong>Berosum</strong></span> <span class='ocrx_word' id='word_1_885' title='bbox 2315 5377 2620 5444; x_wconf 82' lang='lat' dir='ltr'><strong>Babylonium</strong></span> <span class='ocrx_word' id='word_1_886' title='bbox 2659 5369 3150 5444; x_wconf 55' lang='grc' dir='ltr'><strong>δειίιὶεεες,’Μιιίιδθιῃιξ2</strong></span> <span class='ocrx_word' id='word_1_887' title='bbox 3181 5369 3432 5444; x_wconf 70' lang='lat' dir='ltr'><strong>_Nicolautn</strong></span> 
     </span>
    </p>
   </div>
   <div class='ocr_carea' id='block_1_120' title="bbox 1843 5432 3430 5499">
    <p class='ocr_par' dir='ltr' id='par_1_120' title="bbox 1843 5432 3430 5499">
     <span class='ocr_line' id='line_1_122' title="bbox 1843 5432 3430 5499; baseline -0.004 -13"><span class='ocrx_word' id='word_1_888' title='bbox 1843 5432 2206 5498; x_wconf 72' lang='lat' dir='ltr'><strong>Damachnum,</strong></span> <span class='ocrx_word' id='word_1_889' title='bbox 2235 5447 2286 5488; x_wconf 90' lang='lat' dir='ltr'><strong>et</strong></span> <span class='ocrx_word' id='word_1_890' title='bbox 2307 5432 2644 5499; x_wconf 66' lang='lat' dir='ltr'><strong>llier&#39;onymum</strong></span> <span class='ocrx_word' id='word_1_891' title='bbox 2675 5436 2966 5499; x_wconf 49' lang='lat' dir='ltr'><strong>ﬂgitium,</strong></span> <span class='ocrx_word' id='word_1_892' title='bbox 2990 5435 3162 5499; x_wconf 70' lang='lat' dir='ltr'><strong>scribit</strong></span> <span class='ocrx_word' id='word_1_893' title='bbox 3173 5432 3430 5494; x_wconf 83' lang='lat' dir='ltr'><strong>Josephus,</strong></span> 
     </span>
    </p>
   </div>
   <div class='ocr_carea' id='block_1_121' title="bbox 1843 5495 3432 5564">
    <p class='ocr_par' dir='ltr' id='par_1_121' title="bbox 1843 5495 3432 5564">
     <span class='ocr_line' id='line_1_123' title="bbox 1843 5495 3432 5564; baseline 0.008 -16"><span class='ocrx_word' id='word_1_894' title='bbox 1843 5499 1967 5564; x_wconf 82' lang='lat' dir='ltr'><strong>libro</strong></span> <span class='ocrx_word' id='word_1_895' title='bbox 1993 5501 2012 5548; x_wconf 81' lang='lat' dir='ltr'><strong>i</strong></span> <span class='ocrx_word' id='word_1_896' title='bbox 2041 5495 2384 5564; x_wconf 67' lang='lat' dir='ltr'><strong>Antiquitatum</strong></span> <span class='ocrx_word' id='word_1_897' title='bbox 2408 5495 2872 5564; x_wconf 44' lang='lat' dir='ltr'><strong>Judaicarutngéilt;</strong></span> <span class='ocrx_word' id='word_1_898' title='bbox 2893 5495 2941 5556; x_wconf 75' lang='grc'><strong>4,</strong></span> <span class='ocrx_word' id='word_1_899' title='bbox 2968 5505 3016 5544; x_wconf 75' lang='grc' dir='ltr'><strong>θι</strong></span> <span class='ocrx_word' id='word_1_900' title='bbox 3053 5507 3127 5564; x_wconf 49' lang='lat' dir='ltr'><strong>ei</strong></span> <span class='ocrx_word' id='word_1_901' title='bbox 3149 5497 3432 5564; x_wconf 69' lang='grc' dir='ltr'><strong>ίιιερ,,ειιεθτ</strong></span> 
     </span>
    </p>
   </div>
   <div class='ocr_carea' id='block_1_122' title="bbox 1843 5555 3430 5628">
    <p class='ocr_par' dir='ltr' id='par_1_122' title="bbox 1843 5555 3430 5628">
     <span class='ocr_line' id='line_1_124' title="bbox 1843 5555 3430 5628; baseline -0.004 -18"><span class='ocrx_word' id='word_1_902' title='bbox 1843 5555 2360 5628; x_wconf 64' lang='lat' dir='ltr'><strong>bius,_t’raen_a_rationis</strong></span> <span class='ocrx_word' id='word_1_903' title='bbox 2383 5559 2678 5628; x_wconf 66' lang='lat' dir='ltr'><strong>evangetica:</strong></span> <span class='ocrx_word' id='word_1_904' title='bbox 2697 5555 2832 5628; x_wconf 48' lang='lat' dir='ltr'><strong>_lihr_o‘</strong></span> <span class='ocrx_word' id='word_1_905' title='bbox 2845 5558 2896 5618; x_wconf 89' lang='lat'><strong>9,</strong></span> <span class='ocrx_word' id='word_1_906' title='bbox 2912 5569 3050 5628; x_wconf 72' lang='lat' dir='ltr'><strong>capp.</strong></span> <span class='ocrx_word' id='word_1_907' title='bbox 3073 5557 3130 5628; x_wconf 63' lang='grc' dir='ltr'>μ</span> <span class='ocrx_word' id='word_1_908' title='bbox 3157 5563 3210 5606; x_wconf 84' lang='lat' dir='ltr'><strong>et</strong></span> <span class='ocrx_word' id='word_1_909' title='bbox 3231 5555 3316 5628; x_wconf 55' lang='lat'><strong>12::</strong></span> 
     </span>
    </p>
   </div>
   <div class='ocr_carea' id='block_1_123' title="bbox 1842 5618 3429 5692">
    <p class='ocr_par' dir='ltr' id='par_1_123' title="bbox 1842 5618 3429 5692">
     <span class='ocr_line' id='line_1_125' title="bbox 1842 5618 3429 5692; baseline -0.002 -22"><span class='ocrx_word' id='word_1_910' title='bbox 1842 5618 2312 5692; x_wconf 50' lang='lat' dir='ltr'><strong>geritilium&#39;illorutn</strong></span> <span class='ocrx_word' id='word_1_911' title='bbox 2332 5618 2587 5692; x_wconf 61' lang='lat' dir='ltr'><strong>scripta&#39;ad</strong></span> <span class='ocrx_word' id='word_1_912' title='bbox 2605 5621 2889 5692; x_wconf 60' lang='lat' dir='ltr'><strong>barbaricas</strong></span> <span class='ocrx_word' id='word_1_913' title='bbox 2917 5618 3429 5692; x_wconf 12' lang='lat' dir='ltr'><strong>historiasrppt‘tittent,</strong></span> 
     </span>
    </p>
   </div>
   <div class='ocr_carea' id='block_1_124' title="bbox 1841 5677 3427 5746">
    <p class='ocr_par' dir='ltr' id='par_1_124' title="bbox 1841 5677 3427 5746">
     <span class='ocr_line' id='line_1_126' title="bbox 1841 5677 3427 5746; baseline -0.003 -13"><span class='ocrx_word' id='word_1_914' title='bbox 1841 5677 1940 5734; x_wconf 82' lang='lat' dir='ltr'><strong>iion</strong></span> <span class='ocrx_word' id='word_1_915' title='bbox 1959 5685 2018 5734; x_wconf 89' lang='lat' dir='ltr'><strong>ad</strong></span> <span class='ocrx_word' id='word_1_916' title='bbox 2051 5691 2236 5735; x_wconf 56' lang='grc' dir='ltr'><strong>(ἔκ-ωερε</strong></span> <span class='ocrx_word' id='word_1_917' title='bbox 2253 5693 2335 5734; x_wconf 89' lang='lat' dir='ltr'><strong>aut</strong></span> <span class='ocrx_word' id='word_1_918' title='bbox 2365 5677 2568 5746; x_wconf 64' lang='lat' dir='ltr'><strong>latinas,</strong></span> <span class='ocrx_word' id='word_1_919' title='bbox 2586 5683 2652 5733; x_wconf 88' lang='lat' dir='ltr'><strong>de</strong></span> <span class='ocrx_word' id='word_1_920' title='bbox 2669 5682 2848 5744; x_wconf 58' lang='lat' dir='ltr'><strong>qubus</strong></span> <span class='ocrx_word' id='word_1_921' title='bbox 2869 5677 3180 5744; x_wconf 68' lang='lat' dir='ltr'><strong>Augustinus</strong></span> <span class='ocrx_word' id='word_1_922' title='bbox 3197 5677 3427 5742; x_wconf 73' lang='lat' dir='ltr'><strong>loquitur;</strong></span> 
     </span>
    </p>
   </div>
   <div class='ocr_carea' id='block_1_125' title="bbox 1841 5749 2134 5800">
    <p class='ocr_par' dir='ltr' id='par_1_125' title="bbox 1841 5749 2134 5800">
     <span class='ocr_line' id='line_1_127' title="bbox 1841 5749 2134 5800; baseline -0.007 0"><span class='ocrx_word' id='word_1_923' title='bbox 1841 5749 1954 5800; x_wconf 75' lang='grc' dir='ltr'><strong>ιυυ.</strong></span> <span class='ocrx_word' id='word_1_924' title='bbox 1979 5755 2134 5800; x_wconf 68' lang='lat' dir='ltr'><strong>Vim.</strong></span> 
     </span>
    </p>
   </div>
  </div>
