3826 6482
473 279 577 337 867

471 400 624 448 retur
646 433 662 460 ,
695 394 889 465 triplici
929 398 1190 469 supplicio
1225 399 1353 455 dicit
1382 400 1522 456 idem
1567 411 1753 457 auctor
1776 402 1845 456 ab
1893 401 2060 457 Athe—

472 486 753 543 niensibus
790 489 1005 545 affectas
1052 506 1173 547 esse
1214 492 1470 548 mulieres
1513 503 1619 547 :ut
1655 493 1799 548 nulla
1846 494 2067 549 ulterius

473 573 678 632 ferrent
730 578 999 650 suffragia,
1054 591 1115 636 ut
1160 583 1341 637 nullus
1384 584 1710 638 nascentium
1764 593 2064 640 maternum

472 684 666 723 nomen
709 672 1008 740 acciperet,
1041 683 1096 728 ut
1123 690 1190 730 ne
1214 660 1333 745 quis
1362 690 1453 730 eas
1492 676 1779 730 Athenteas
1825 688 2060 733 vocaret.

472 758 549 814 Ita
575 760 663 814 illa
688 763 875 816 civitas
903 774 1076 819 mater
1103 780 1166 822 ac
1205 767 1384 821 nutrix
1410 766 1428 799 ¹
1462 767 1758 822 liberalium
1798 768 2068 824 doctrina-

471 864 615 913 rum,
664 860 719 906 et
766 863 844 907 tot
882 864 1255 927 tantorumque
1305 856 1766 929 philosophorum,
1802 875 1907 930 qua
1934 861 2065 917 nihil

469 942 657 999 habuit
709 944 911 1001 Graecia
939 949 1135 1005 clarius
1178 960 1337 1021 atque
1374 950 1627 1019 nobilius,
1670 953 2065 1011 ludilicantibus

469 1033 800 1091 daemonibus
822 1038 887 1093 de
912 1040 1002 1093 lite
1024 1042 1245 1096 deorum
1286 1057 1531 1111 suorum,
1559 1045 1723 1100 maris
1748 1055 1803 1100 et
1827 1044 2058 1113 feminae,

471 1134 525 1178 et
564 1124 632 1180 de
660 1128 882 1183 victoria
915 1147 1009 1200 per
1054 1132 1280 1188 feminas
1317 1136 1528 1190 feminae
1553 1137 1575 1168 ⁸
1603 1139 1840 1192 Athenas
1866 1154 2060 1195 nomen

473 1222 679 1289 accepit
737 1240 751 1276 :
784 1234 836 1278 et
877 1240 908 1282 a
940 1226 1079 1280 victo
1119 1227 1245 1282 laesa
1292 1230 1461 1297 ipsam
1502 1231 1731 1285 vietricis
1782 1231 2058 1287 victoriam

468 1312 657 1379 punire
701 1316 976 1384 compulsa
1003 1329 1122 1384 est,
1156 1320 1273 1388 plus
1312 1336 1477 1390 aquas
1503 1321 1733 1392 Neptuni
1773 1339 1932 1391 quam
1963 1324 2060 1377 Mi—

465 1418 645 1458 nervae
688 1420 835 1461 arma
868 1408 1178 1466 formidans.
1210 1411 1343 1466 Nam
1390 1414 1443 1467 in
1485 1415 1794 1469 mulieribus
1835 1431 1956 1485 qua:
1979 1418 2057 1471 sic

462 1498 661 1563 punitas
685 1510 828 1565 sunt,
856 1509 915 1556 et
953 1502 1183 1557 Minerva
1214 1520 1332 1574 quae
1366 1506 1588 1570 vicerat,
1624 1508 1762 1562 victa
1788 1516 1909 1572 est;
1958 1523 2056 1563 nec

463 1588 633 1644 adfuit
674 1592 1129 1664 sull'ragalricibus
1155 1598 1282 1661 suis,
1311 1606 1367 1651 ut
1396 1597 1769 1668 suffragiorum
1805 1600 2055 1670 deinceps

467 1681 672 1749 perdita
714 1694 997 1753 potestate,
1035 1697 1088 1741 et
1126 1688 1371 1743 alienatis
1395 1688 1521 1743 [iliis
1545 1708 1572 1742 a
1604 1691 1907 1745 nominibus
1936 1707 2053 1746 ma-

461 1780 622 1840 trum,
666 1776 951 1831 Athenaaas
992 1778 1180 1833 saltem
1226 1782 1404 1836 vocari
1449 1782 1656 1847 liceret,
1703 1792 1756 1837 et
1791 1782 1907 1852 ejus
1938 1783 2052 1838 deae

458 1868 653 1922 mereri
684 1870 996 1927 vocabulum
1018 1916 1033 1942 ,
1063 1889 1220 1945 quam
1251 1874 1347 1931 viri
1386 1874 1473 1933 dei
1512 1875 1784 1934 victricem
1814 1874 2051 1930 fecerant

455 1955 677 2014 ferendo
731 1963 1060 2033 suﬂ‘ragium.
1112 1966 1242 2036 Qum
1287 1979 1341 2023 et
1370 1979 1565 2039 quanta
1614 1971 1739 2025 hinc
1779 1967 1883 2027 dici
1924 1981 2047 2043 pos-

453 2056 576 2103 sent
602 2049 644 2115 ³,
677 2053 778 2107 nisi
811 2070 989 2110 sermo
1017 2058 1085 2112 ad
1113 2059 1214 2112 alia
1239 2062 1593 2131 properaret?

451 2157 676 2217 CAPUT
730 2162 797 2218 X.
826 2196 900 2207 —
928 2166 1066 2233 Quid
1120 2168 1281 2225 Varro
1334 2173 1501 2226 tradat
1556 2175 1619 2228 de
1668 2178 2045 2248 nuncupatione

736 2257 1009 2333 Areopagi,
1043 2272 1088 2315 et
1115 2264 1177 2317 de
1196 2263 1386 2319 diluvio
1406 2265 1752 2323 Deucalionis.

521 2365 806 2422 Attamen‘
825 2369 1033 2427 Marcus
1054 2371 1223 2428 Varro
1248 2391 1353 2429 non
1373 2377 1485 2431 vult
1500 2378 1755 2433 fabulosis
1784 2379 2041 2436 adversus

450 2457 579 2511 deos
602 2460 763 2515 iidem
790 2463 1044 2519 adhibere
1067 2467 1353 2536 figmentis,
1375 2484 1441 2523 ne
1457 2470 1523 2524 de
1543 2471 1835 2540 majestatis
1850 2488 2034 2529 eorum

443 2549 701 2621 dignitate
731 2555 1003 2625 indignum
1034 2560 1229 2629 aliquid
1253 2564 1466 2617 sentiat.
1498 2564 1563 2616 Et
1593 2564 1712 2619 ideo
1744 2581 1841 2621 nec
1868 2570 2037 2622 Areo-

442 2658 613 2714 pagon
646 2646 701 2711 ⁵,
749 2649 837 2702 ubi
886 2664 1007 2704 cum
1057 2653 1473 2709 Atheniensibus
1516 2655 1712 2711 Paulus
1762 2661 2033 2728 apustolus

440 2734 730 2804 disputavit
759 2740 892 2807 (Act.
931 2758 1059 2809 xvu,
1092 2744 1158 2799 19
1186 2743 1348 2816 seqq.)
1370 2786 1384 2809 ,
1415 2762 1479 2801 ex
1509 2765 1613 2817 quo
1644 2749 1763 2804 loco
1792 2753 2031 2821 Areopa-

437 2825 560 2896 gitae
589 2830 841 2898 appellati
883 2844 1007 2888 sunt
1035 2838 1261 2891 curiales
1290 2839 1433 2893 urbis
1463 2841 1699 2909 ejusdem
1723 2883 1737 2908 ,
1767 2844 1879 2897 vult
1906 2844 2029 2900 inde

435 2923 707 2991 accepisse
734 2941 949 2992 nomen,
978 2929 1120 2998 quod
1148 2930 1303 2995 Mars,
1336 2934 1425 3003 qui
1455 2950 1627 3004 grtece
1650 2920 1775 3008 Ᾰρης
1802 2937 2023 3006 dicitur,

434 3026 556 3065 cum
600 3013 869 3072 homicidii
893 3021 1118 3076 crimine
1145 3038 1268 3078 reus
1293 3024 1473 3089 fieret,
1498 3028 1857 3095 judicantibus
1888 3031 2023 3086 duo-

432 3104 602 3161 decim
633 3110 733 3166 diis
763 3112 817 3167 in
856 3129 922 3169 co
961 3131 1095 3187 pago
1115 3159 1129 3184 ,
1176 3135 1271 3175 sex
1301 3123 1577 3176 sententiis
1606 3125 1882 3181 absolutus
1905 3135 2019 3192 est;

431 3199 554 3266 quia
602 3201 689 3254 ubi
734 3204 875 3272 paris
918 3211 1126 3264 numeri
1173 3213 1453 3268 sententiae
1494 3215 1737 3279 fuissent,
1785 3220 2020 3288 prmptini

427 3288 693 3345 absolutio
714 3293 1045 3353 damnationi
1075 3302 1299 3357 solebat.
1328 3304 1431 3359 Sed
1459 3315 1643 3361 contra
1676 3309 1861 3374 istam,
1900 3327 2018 3382 quae

428 3382 597 3436 multo
621 3396 702 3439 est
731 3390 962 3459 amplius
982 3393 1269 3461 celebrata,
1293 3398 1620 3467 opinionem,
1645 3401 1801 3456 aliam
1831 3419 2018 3472 quam-

424 3473 549 3529 dam
570 3477 638 3533 de
657 3481 1003 3541 obscurarum
1026 3490 1209 3545 notitia
1232 3491 1527 3549 litterarum
1549 3510 1763 3553 causam
1786 3500 2016 3557 nominis

427 3568 584 3636 hujus
603 3586 828 3630 conatur
851 3590 1114 3648 astruere,
1148 3600 1216 3639 ne
1236 3587 1548 3657 Areopagon
1572 3591 1926 3650 Athenienses
1945 3595 2013 3652 de

420 3662 636 3718 nomine
656 3664 837 3723 Martis
865 3678 921 3725 et
954 3674 1091 3741 pagi,
1115 3676 1267 3743 quasi
1290 3677 1472 3733 Martis
1495 3695 1683 3750 pagum
1706 3684 2012 3742 nominasse

419 3751 741 3819 credantur;
788 3758 841 3811 in
872 3760 1119 3829 injuriain
1154 3766 1400 3822 videlicet
1430 3773 1728 3841 numinum,
1758 3791 1789 3830 a
1818 3778 2009 3847 quibus

416 3840 579 3911 litigia
620 3847 700 3900 vel
737 3849 933 3917 judicia
975 3856 1241 3912 existimat
1281 3861 1624 3919 alienaznon
1666 3840 2005 3942 minus'hoc,

416 3935 559 4002 quod
585 3936 653 3992 de
682 3938 848 3995 Marte
877 3942 1089 4013 dicitur,
1110 3948 1303 4005 falsum
1333 3967 1452 4008 esse
1481 3971 1816 4026 asseverans,
1846 3935 2005 4033 quam
2054 3974 2055 3977 ‘

384 4014 542 4081 'illnd
573 4030 716 4100 quod
746 4033 812 4088 de
844 4036 1010 4095 tribus
1034 4039 1268 4110 deabus,
1312 4044 1523 4103 lunone
1552 4014 2004 4121 scilicetIei—Mi:

413 4133 595 4182 nerva,
625 4134 679 4178 et
713 4124 948 4193 Venere,
983 4148 1102 4200 quae
1144 4150 1238 4202 pro
1268 4139 1409 4193 malo
1433 4156 1598 4197 aureo
1626 4146 1998 4220 adipiscendo,

410 4213 549 4281 apud
584 4215 816 4284 judicem
849 4221 1093 4278 Paridem
1122 4227 1193 4283 de
1231 4231 1643 4301 pulchritudinis
1682 4213 1998 4300 excellentia

408 4318 644 4365 certasse
680 4326 992 4382 narrantur;
1039 4330 1091 4375 et
1117 4323 1184 4377 ad
1216 4326 1503 4393 placandos
1543 4329 1681 4385 ludis
1712 4332 1842 4389 deos
1867 4376 1880 4398 ,
1911 4341 1998 4407 qui

409 4401 746 4463 delectantur
772 4426 866 4465 seu
896 4416 1056 4480 veris,
1090 4432 1185 4472 seu
1205 4416 1355 4475 falsis
1380 4423 1495 4478 istis
1525 4427 1839 4485 criminibus
1864 4434 1996 4501 suis,

408 4494 548 4551 inter
592 4499 882 4559 tlieatricos
931 4508 1144 4575 plausus
1184 4523 1467 4569 cantantur
1513 4527 1675 4588 atque
1715 4494 1995 4582 saltantur:

406 4587 531 4641 Haec
562 4589 730 4646 Varro
754 4612 859 4649 non
886 4600 1088 4667 credit,
1134 4618 1201 4656 ne
1232 4604 1453 4660 deorum
1485 4619 1688 4664 natura:
1714 4628 1809 4667 seu
1835 4618 1997 4670 mori-

406 4680 502 4733 bus
529 4684 711 4739 crcdat
743 4688 1030 4758 incongrua
1054 4710 1068 4746 :
1090 4703 1143 4747 et
1170 4704 1370 4763 tamen,
1406 4713 1509 4752 non
1538 4701 1831 4760 fabulosam
1853 4749 1867 4773 ,
1900 4708 1993 4763 sed

405 4772 713 4831 historicam
746 4784 1004 4838 rationem
1026 4784 1093 4839 de
1116 4787 1445 4845 Athenarum
1467 4796 1727 4850 vocabqu
1742 4799 1990 4868 reddens,

405 4864 603 4921 tamam
632 4870 859 4938 Neptuni
888 4884 942 4928 et
965 4876 1215 4933 Minervze
1241 4880 1386 4937 litem
1418 4884 1529 4939 suis
1559 4886 1751 4942 litteris
1773 4864 1987 4959 inserit,

400 4962 467 5015 de
493 4962 644 5031 cujus
667 4969 880 5021 nomine
909 4971 1085 5037 potius
1110 4971 1200 5027 illa
1223 4976 1409 5031 civitas
1431 4990 1734 5048 vocaretur,
1766 4993 1843 5049 ut,
1866 4999 1989 5038 cum

402 5053 760 5123 prodigiorum
812 5062 1172 5117 ostentatione
1226 5069 1646 5135 contenderent,
1706 5073 1847 5127 inter
1895 5090 1990 5130 eos

390 5144 634 5214 judicare
664 5162 763 5202 nec
792 5149 983 5218 Apollo
1011 5155 1285 5211 consultus
1315 5160 1538 5214 auderet
1563 5203 1578 5228 ,
1626 5163 1718 5217 sed
1762 5163 1986 5221 deorum

389 5237 622 5309 jurgium
648 5238 956 5309 finiendum,
983 5244 1118 5300 sicut
1139 5259 1551 5304 memoratarum
1581 5253 1737 5307 trium
1765 5254 1984 5312 dearum

456 5418 473 5448 ι
512 5425 636 5479 Mss.,
662 5426 816 5469 mater
835 5428 920 5471 aut
940 5430 1128 5476 nutrix.

458 5483 481 5549 ξ
511 5481 614 5549 sola
638 5482 788 5531 editio
812 5491 939 5545 l.ov.,
958 5488 1179 5549 rentinea.

462 5542 483 5572 ³
514 5544 583 5591 sic
598 5551 714 5625 mss.
744 5554 795 5616 ,ιδι
815 5542 1272 5625 ωίιῐίδαπναθήιηι.
1300 5564 1370 5605 De
1391 5568 1485 5621 quo
1504 5555 1620 5608 satis
1635 5564 1854 5621 apparet,
1873 5573 1983 5625 qua:

388 5611 435 5654 et
464 5613 642 5666 quanta
660 5607 760 5657 diri
783 5620 988 5670 possent.

453 5667 473 5697 ι
506 5672 552 5713 ιιι
579 5676 704 5723 Mss,
730 5678 785 5718 Η
809 5680 983 5723 tamen.

580 5704 704 5725 .-w.,
730 5704 757 5717 ιν
768 5704 785 5718 ν
809 5704 983 5723 ιιηηῠηο

450 5730 469 5814 τ
503 5733 913 5814 ἐξξλξξιέξξξμξξξίυν
938 5753 1040 5801 rw,
1068 5753 1358 5808 areopagon.
1384 5745 1582 5809 habent,
1607 5760 1760 5800 mon
1788 5762 1979 5814 ραροης

386 5789 486 5847 vel,
514 5789 656 5839 Anon
678 5806 847 5854 puqon.

1568 288 1659 344 DE
1692 284 2010 344 CIVITATE
2037 288 2168 357 DEI,
2210 290 2267 346 S.
2308 292 2674 351 AUGUSTlNl

3588 311 3667 372 568

2173 406 2239 459 ad
2269 408 2512 466 Paridem
2538 414 2744 482 Jupiter
2763 456 2780 481 ,
2821 416 2893 472 ita
2916 428 2967 474 et
2992 420 3095 477 iste
3118 424 3186 478 ad
3214 424 3438 486 homines
3457 434 3665 502 mitteret,

2175 500 2263 552 ubi
2294 502 2533 558 vinceret
2573 505 2807 562 Minerva
2847 509 3129 581 suffragiis,
3165 526 3219 570 et
3259 516 3309 571 iu
3336 534 3474 586 pinna
3505 500 3672 584 suarum

2169 591 2610 662 suifragatricium
2656 598 2983 669 vinceretur,
3032 620 3152 674 qua:
3197 607 3247 660 in
3290 610 3676 675 adversariissuis

2168 682 2299 737 viris
2327 685 2569 741 obtinere
2595 689 2832 746 Athenas
2855 696 3045 762 potuit,
3078 707 3131 750 et
3160 699 3350 755 amicas
3368 719 3480 759 suas
3503 706 3677 768 feminas

2170 775 2457 834 Athenteas
2502 780 2697 837 habere
2739 799 2844 839 non
2896 788 3089 855 potuit.
3139 788 3233 844 His
3277 798 3597 866 temporibus,
3638 815 3681 857 ut

2170 869 2336 927 Varro
2360 875 2580 943 scribit,
2627 889 2881 945 regnante
2914 882 3329 939 Atheniensibus
3353 886 3540 944 Crauao
3558 933 3572 958 ,
3595 910 3682 951 suc-

2169 977 2380 1019 cessore
2408 966 2682 1037 Cecropis,
2716 981 2770 1023 ut
2796 981 2973 1026 autem
3003 975 3177 1028 nostri
3208 976 3451 1034 Eusebius
3473 993 3519 1036 et
3538 983 3684 1041 Hiero-

2167 1073 2359 1128 nymus
2377 1100 2390 1122 ,
2416 1060 2591 1116 adhuc
2612 1062 2800 1118 eodem
2826 1064 3068 1137 Cecrope
3093 1083 3457 1139 permanente,
3482 1076 3683 1135 diluvium

2164 1147 2283 1215 fuit,
2314 1152 2454 1221 quod
2490 1154 2813 1223 appellatum
2852 1167 2934 1211 est
2958 1160 3300 1215 Deucolionis
3343 1162 3445 1234 (α).
3488 1183 3545 1221 eo
3580 1173 3685 1239 quod

2165 1243 2279 1312 ipse
2296 1246 2547 1316 regnabat
2565 1247 2616 1302 in
2634 1264 2819 1303 earum
2843 1259 3109 1306 terrarum
3131 1257 3387 1323 partibus,
3410 1260 3487 1313 ubi
3509 1265 3686 1321 maxime

2163 1334 2357 1390 factum
2416 1349 2518 1393 est.
2578 1340 2691 1396 Hoc
2744 1353 2920 1397 autem
2979 1345 3244 1401 diluvium
3302 1366 3599 1423 nequaquam
3640 1360 3688 1412 ad

2161 1425 2449 1499 Egyptum
2476 1440 2635 1501 atque
2664 1433 2730 1487 ad
2758 1435 2874 1504 ejus
2903 1436 3076 1491 vicina
3102 1442 3346 1508 pervenit
3371 1442 3462 1515 (li).

2159 1541 2384 1600 CAPUT
2402 1545 2490 1600 XI.
2507 1577 2580 1589 —
2599 1545 2710 1614 Quo
2727 1558 2951 1621 tempore
2962 1552 3174 1624 Moyses
3189 1559 3424 1627 populum
3441 1560 3495 1615 de
3510 1560 3689 1634 digpr

2230 1636 2491 1704 eduxerit;
2520 1650 2568 1694 et
2593 1643 2656 1695 de
2679 1641 2807 1697 Jesu
2834 1643 2999 1711 Nave,
3038 1648 3128 1716 qui
3160 1650 3321 1703 eidem
3346 1656 3571 1721 successit,
3594 1674 3685 1728 quo—

2230 1745 2342 1783 rum
2370 1747 2544 1801 regum
2571 1743 2719 1789 (etate
2740 1736 2806 1790 sit
2835 1748 3085 1793 mortuus.

2229 1843 2424 1900 Eduxit
2456 1862 2583 1916 ergo
2607 1848 2816 1921 Moyses
2842 1868 2908 1907 ex
2936 1852 3179 1926 Egypto
3203 1857 3449 1927 populum
3476 1859 3587 1928 Dei,
3614 1877 3686 1915 no~

2156 1936 2372 1993 vissimo
2398 1948 2637 2010 tempore
2661 1942 2916 2014 Cecropis
2956 1948 3371 2005 Atheniensium
3413 1955 3564 2023 regis,
3596 1970 3686 2009 cum

2150 2029 2289 2101 apud
2335 2032 2585 2091 Assvrios
2634 2047 2881 2105 regnaret
2928 2041 3255 2107 Ascatades,
3302 2044 3435 2113 apud
3468 2045 3685 2119 Sicyonios

2148 2125 2421 2183 Marathus
2438 2131 2476 2195 ι,
2508 2127 2649 2201 apud
2678 2129 2906 2206 Argivos
2936 2131 3188 2201 Triopas.
3227 2135 3427 2190 Educto
3449 2147 3597 2192 autem
3620 2155 3685 2207 po-

2151 2217 2276 2286 pulo
2303 2219 2354 2272 in
2381 2231 2561 2277 monte
2582 2224 2704 2279 Sina
2728 2228 2983 2284 divinitus
3004 2236 3291 2297 acceptam
3316 2227 3515 2283 tradidit
3530 2230 3683 2300 legem:

2146 2309 2289 2377 quod
2318 2320 2469 2365 vetus
2496 2314 2690 2370 dicitur
2724 2317 3155 2390 Testamentum,
3202 2318 3331 2396 quia
3360 2322 3683 2385 Ρτοωὶεείθηεε

2146 2408 2382 2457 terrenas
2404 2402 2592 2472 habet;
2618 2417 2671 2461 et
2692 2425 2785 2478 per
2805 2410 2985 2467 Jesum
3007 2415 3290 2472 Christum
3313 2418 3539 2477 futurum
3554 2411 3683 2477 {item

2143 2494 2545 2554 Testamentum
2577 2517 2799 2570 novum,
2826 2523 2933 2576 quo
2963 2526 3194 2580 regnum
3226 2516 3477 2571 caelorum
3505 2519 3678 2587 promit.

2145 2598 2368 2645 teretur.
2402 2593 2551 2648 Hunc
2576 2597 2719 2651 enim
2751 2600 2995 2657 ordinem
3028 2608 3237 2661 servari
3263 2612 3553 2678 oportebat,
3578 2613 3679 2668 sicut

2140 2680 2193 2733 in
2220 2698 2538 2755 unoquoque
2564 2687 2798 2757 homine,
2825 2693 2911 2762 qui
2942 2694 2990 2747 in
3015 2696 3186 2752 Deum
3213 2701 3438 2769 prolicit,
3462 2703 3507 2757 id
3526 2705 3676 2773 agitur,

2136 2774 2279 2843 quod
2305 2778 2381 2830 ait
2410 2780 2694 2846 Apostolus
2716 2824 2731 2849 ,
2780 2794 2835 2837 ut
2866 2801 2969 2839 non
3000 2788 3073 2841 sit
3115 2791 3265 2858 prius
3294 2792 3429 2862 quod
3452 2795 3673 2863 spirituale

2135 2875 2252 2932 est;
2291 2870 2386 2922 sed
2428 2872 2567 2940 quod
2604 2874 2863 2940 animale,
2912 2888 3100 2947 postea
3150 2883 3676 2953 spiritualezquouiam

2132 2959 2273 3013 sicut
2301 2960 2465 3027 dicit,
2499 2972 2556 3017 et
2579 2980 2763 3020 verum
2792 2977 2906 3035 est,
2943 2969 3155 3026 Primus
3185 2975 3335 3026 homo
3367 2976 3427 3028 de
3450 2986 3581 3037 terra,
3602 2987 3675 3029 ter-

2130 3068 2318 3116 renus;
2346 3056 2595 3112 secundus
2620 3059 2769 3114 homo
2793 3062 2856 3116 de
2877 3065 3020 3127 calo,
3048 3069 3273 3122 celestis
3290 3071 3310 3101 ³
3335 3070 3353 3140 (
3367 3070 3385 3125 l
3402 3068 3594 3135 C0r.xv,
3624 3073 3672 3125 46

2129 3151 2173 3195 et
2187 3141 2301 3215 47).
2327 3144 2484 3200 Rexit
2499 3158 2674 3203 autem
2696 3154 2947 3220 populum
2967 3156 3185 3228 Moyses
3206 3176 3300 3227 per
3320 3177 3481 3216 annos
3495 3164 3672 3232 quadra-

2126 3237 2269 3304 ginta
2304 3239 2353 3292 in
2395 3240 2607 3297 deserto
2633 3261 2645 3296 :
2670 3255 2725 3299 et
2750 3256 2991 3303 mortuus
3031 3261 3114 3305 est
3144 3268 3403 3309 annorum
3430 3265 3670 3311 ceutumct

2125 3329 2307 3398 viginti
2331 3330 2402 3403 (ε)
2422 3374 2437 3398 ,
2461 3348 2580 3388 cum
2598 3332 2868 3392 Christum
2896 3341 3054 3395 etiam
3081 3343 3204 3412 ipse
3233 3347 3577 3415 pr0phetassct
3598 3363 3671 3418 per

2123 3419 2321 3489 liguras
2351 3423 2783 3481 Observationum
2822 3433 3120 3488 carnalium
3155 3435 3208 3490 in
3253 3436 3601 3501 tabernaculo,
3626 3448 3667 3492 et

2121 3515 2445 3584 sacerdotio,
2463 3528 2518 3573 et
2538 3520 2834 3589 sacriﬁciis,
2858 3524 3082 3594 aliisque
3107 3530 3353 3599 mysticis
3373 3531 3665 3599 plurimisque

2120 3609 2403 3664 mandatis.
2454 3611 2620 3683 Moysi
2664 3617 2921 3671 successit
2954 3617 3112 3674 Jesus
3143 3620 3392 3677 Nave:et
3434 3624 3480 3677 in
3505 3633 3660 3677 terram

2120 3702 2493 3769 promissionis
2517 3704 2880 3761 introductum
2909 3710 3167 3779 populum
3200 3713 3488 3778 collocavit,
3513 3728 3569 3767 ex
3584 3728 3661 3765 au-

2121 3792 2370 3847 ctoritate
2409 3794 2586 3849 divina
2616 3796 2895 3854 debellatis
2922 3802 3174 3869 gentibus
3195 3844 3210 3866 ,
3252 3819 3281 3856 a
3310 3805 3487 3874 quibus
3507 3804 3655 3859 eadem

2116 3881 2235 3937 loca
2288 3885 2626 3941 tenebantur.
2678 3887 2779 3956 Qui
2828 3905 2947 3944 cum
3003 3894 3261 3962 p0pulum
3315 3896 3523 3949 rexisset
3564 3903 3656 3963 post

2113 3982 2341 4030 mortem
2360 3975 2523 4047 Moysi
2552 3977 2737 4047 viginti
2763 3991 2816 4035 et
2846 3991 3050 4051 septem
3078 4000 3254 4040 annos
3287 3984 3382 4057 (d),
3399 3987 3540 4040 etiam
3565 3986 3652 4053 ipse

2110 4064 2391 4123 defunctus
2417 4079 2501 4124 est
2524 4088 2537 4124 :
2557 4082 2815 4141 regnante
2837 4074 2977 4143 apud
3002 4077 3257 4148 Assyrios
3280 4088 3461 4133 octavo
3482 4078 3651 4132 decimo

2176 4204 2193 4275 ξ
2228 4210 2278 4252 In
2302 4203 2466 4254 multis
2488 4213 2614 4275 ἔξιδεν
2642 4207 2930 4275 Maratheus.
2952 4211 3082 4273 Apud
3102 4212 3386 4275 Eusebium,
3402 4211 3644 4262 Haeduus.

2171 4266 2702 4346 39993".c‘”‘€?.“8'.i"
2730 4270 2933 4346 νδ·
3131 4344 3152 4346 ,ν
3292 4336 3321 4346 ..
3372 4266 3398 4346 ⁷.
3570 4336 3578 4344 .

2169 4329 2240 4390 (ιι)
2265 4330 2475 4400 Orosius,
2516 4327 2617 4403 liii.“
2630 4331 2671 4387 1,
2699 4345 2802 4403 cap.
2836 4333 2888 4403 β,
2924 4335 3099 4403 scribit
3130 4336 3425 4386 Deucalionis
3454 4334 3643 4403 diluvium

2104 4392 2367 4461 contigisse
2387 4404 2512 4439 anno
2528 4392 2620 4461 8_00
2637 4392 2947 4461 aute’ttrbem
2965 4397 3221 4457 conditam,
3245 4407 3469 4461 regnante
3482 4397 3641 4447 Athenis

2103 4453 2463 4523 unjiliictyone,
2482 4455 2563 4523 qui
2588 4457 2761 4505 tertius
2782 4470 2810 4505 a
2831 4463 3043 4521 Cecmpe
3060 4453 3329 4523 imperavit:

2166 4468 2187 4499 [ι
2210 4468 2463 4515 unetyone,
2482 4468 2563 4516 qui
2588 4468 2680 4503 tert

2166 4468 2235 4567 ὦ)
2266 4513 2395 4563 Plato
2416 4516 2462 4562 in
2487 4517 2680 4566 Timaeo.

2168 4576 2393 4645 (c)_Conf.
2415 4576 2527 4627 alibi
2560 4590 2712 4642 833110,
2739 4592 2795 4630 ac
2818 4582 3117 4645 potissimum
3147 4585 3233 4635 lib.
3268 4585 3326 4635 19
3356 4591 3473 4635 θοαί.
3511 4589 3632 4631 Faust.

2100 4639 2298 4687 Mauich.

2162 4699 2241 4771 (ά)
2266 4708 2332 4751 De
2372 4714 2577 4772 numero
2608 4715 2857 4772 annorum,
2898 4707 3075 4768 quibus
3111 4715 3256 4759 Josue
3286 4708 3463 4772 praefuit
3493 4704 3632 4769 populo

2100 4765 2202 4821 Dei,
2230 4776 2291 4812 ex
2318 4767 2554 4826 Scriptura
2580 4778 2671 4813 non
2696 4779 2720 4814 s
2738 4769 2814 4815 itis
2828 4765 3015 4819 constat
3041 4784 3052 4819 :
3078 4772 3187 4819 ideo
3211 4765 3347 4820 varie
3367 4772 3425 4819 de
3445 4765 3525 4818 hoc
3542 4765 3626 4815 sunt

2096 4829 2375 4898 sententiae.
2397 4827 2665 4898 .Iosephus,_
2678 4832 3017 4898 antiquitatum
3036 4834 3330 4898 iudaicarum
3355 4834 3464 4881 libro
3482 4832 3524 4891 5,
3543 4842 3622 4898 cir-

2098 4886 2143 4957 1,
2183 4894 2321 4959 putat
2347 4902 2460 4937 eum
2501 4886 2749 4959 pracluisse
2789 4886 2929 4959 annis
2965 4895 3135 4959 viginti
3173 4898 3403 4957 quinque;

2096 4948 2265 5016 viginti
2287 4959 2481 5016 septem
2504 4948 2583 4999 vel
2607 4962 2732 5016 octo,
2761 4962 2811 5003 et
2829 4956 2893 5002 ita
2932 4948 3156 5016 plerique
3180 4948 3480 5006 fiebrieorum.
3499 4952 3619 5013 Sulpi-

2099 4971 2265 5008 vugiuu
2289 4971 2481 5012 septem
2506 4971 2583 4999 νει
2607 4971 2732 5008 ucw,
2761 4971 2811 5003 ct
2829 4971 2893 5002 tta
2932 4971 3156 5067 pterigge
3182 4971 3480 5006 “cuneorum.
3499 4971 3619 5013 ampl-

2094 5011 2216 5089 eius,
2246 5014 2652 5089 His-torizlesacrze
2699 5013 2820 5089 libro
2844 5016 2886 5071 1,
2912 5030 3018 5088 cap.
3126 5023 3619 5089 ,_etAugusiiuuseanr

2093 5071 2207 5120 dem
2223 5076 2516 5142 sententiam
2539 5084 2811 5142 sequuntur
2825 5091 2848 5142 _:
2876 5071 3101 5129 nimirum
3118 5071 3182 5129 ob
3200 5071 3481 5142 Septuaginta
3497 5080 3617 5124 inter-

2127 5142 2287 5210 retum
2309 5136 2532 5210 codices,
2547 5138 2595 5185 in
2613 5136 2790 5210 quibus
2805 5140 2976 5190 deerat
2996 5142 3209 5210 Aliialon.
3228 5136 3323 5210 qui,
3340 5136 3528 5210 iudicum
3549 5150 3610 5192 x11.

2128 5196 2170 5262 l_,
2198 5196 2271 5257 12,
2308 5198 2597 5259 perhibetur
2626 5196 2871 5262 iudicasse
2896 5204 3122 5253 Israelein
3157 5196 3289 5254 annis
3308 5196 3490 5259 'decem,
3518 5210 3613 5260 Quos

2091 5259 2362 5321 tribuerant
2405 5267 2568 5320 Josuc,
2611 5259 2663 5311 tit
2698 5264 2993 5314 conﬁcerent
3021 5281 3251 5316 summam
3281 5276 3487 5315 annorum
3524 5271 3611 5321 qua-

2088 5319 2457 5392 dringentorum
2488 5319 2730 5392 octoginta
2765 5327 2826 5374 ab
2861 5331 3146 5392 egressione
3183 5329 3371 5378 filiorum
3410 5319 3606 5392 Israel-'6!

2089 5387 2223 5452 terra
2244 5386 2431 5452 .‘Egypti
2456 5386 2619 5452 usque
2647 5388 2704 5436 ad
2738 5386 2911 5450 templi
2942 5390 3316 5447 aedilimtionem,
3338 5403 3434 5452 qua}
3454 5386 3604 5446 [lenitur

2087 5448 2139 5491 III
2165 5452 2277 5508 Reg.
2303 5461 2366 5503 vi,
2396 5447 2439 5496 1.
2482 5447 2677 5498 videtur
2699 5447 2862 5516 tamen
2887 5465 2948 5500 ex
2974 5455 3213 5516 Scriptum
3235 5447 3377 5515 colligi
3398 5458 3518 5499 JosUe
3537 5457 3601 5494 se-

2088 5514 2411 5584 ptemlanuos
2445 5514 2799 5584 consumpsisse
2839 5515 2885 5562 in
2930 5514 3442 5584 terra'qhananwuﬂl
3478 5519 3599 5584 ⁸³13⁸3⁸

2088 5526 2221 5567 νιυιιι
2259 5526 2411 5557 annos
2445 5526 2799 5622 consumpsmse
2839 5528 2885 5562 iu
2931 5526 3062 5565 terra
3102 5526 3442 5584 Chananwu!“
3478 5526 3595 5568 θην

2086 5569 2293 5643 gnanda,
2324 5578 2375 5643 et
2396 5572 2596 5643 totidem
2620 5588 2645 5643 a
2669 5576 2739 5623 ios
2761 5578 2809 5624 in
2831 5590 2893 5643 ea»
2912 5577 3183 5643 dividenda.
3206 5578 3326 5627 Unde
3524 5576 3595 5643 5f:

2085 5630 2325 5679 braeorum
2349 5636 2565 5701 tribuunt.
2587 5638 2632 5684 ei
2662 5640 3024 5700 quatuordecim
3041 5655 3217 5699 annos;
3241 5654 3291 5691 ac
3311 5630 3518 5701 ντῦωῧηθ
3535 5635 3595 5677 ⁸⁵⁸

2087 5706 2199 5771 fimi
2225 5702 2327 5741 tres
2350 5696 2428 5771 vel
2468 5696 2847 5771 quatuor—annos
2882 5696 3229 5771 supervixisse,
3262 5696 3408 5771 sicque
3438 5703 3592 5771 Emi“?

2085 5754 2257 5803 hhcam
2278 5754 2580 5819 gubernasse
2602 5766 2742 5813 annis
2762 5754 3113 5826 septemdecim
3155 5754 3231 5817 vel
3263 5754 3499 5816 octbdwm-
3518 5762 3586 5802 ω’

2085 5832 2267 5872 ρυΒυε.
