3882 6396
109 331 201 389 569
1275 320 1480 377 LIBER
1525 319 1822 378 DECIMUS
1869 321 2208 380 OCTAVUS.

109 451 329 518 Amynta,
357 440 500 512 apud
531 440 810 513 Sicyonios
837 449 990 494 sexto
1023 439 1230 494 decimo
1257 439 1478 501 Corace,
1525 438 1664 506 apud

111 544 306 609 Argivos
349 535 567 589 decimo
614 533 826 594 Danao,
883 531 1022 601 apud
1083 529 1432 584 Athenienses
1484 539 1671 599 quarto

116 629 450 688 Erichthonio.

117 743 316 802 CAPUT
353 740 467 798 XII.
484 739 647 794 —De
673 740 830 794 sacris
851 739 1100 811 falsorum
1131 736 1362 800 deorum,
1397 751 1508 804 qua:
1534 752 1674 806 reges

178 835 374 890 Grttciw
401 834 505 888 illis
541 831 844 902 temporibus
890 829 1248 893 instituerunt,
1295 844 1408 898 qum
1441 828 1503 881 ab
1541 828 1676 882 exitu

173 923 329 981 Israel
362 941 424 978 ea:
456 921 686 995 Egypto
716 938 872 992 usque
900 919 966 975 ad
993 921 1182 975 obitum
1210 918 1336 974 Jesu
1365 918 1508 972 Nave
1528 920 1675 972 diuu-

173 1025 436 1070 merentur.

173 1151 266 1206 Per
289 1149 405 1203 haec
430 1157 691 1216 tempora,
721 1145 772 1200 id
800 1154 904 1211 est,
932 1145 1000 1200 ab
1018 1144 1163 1198 exitu
1183 1142 1342 1198 Israel
1362 1157 1430 1196 ex
1450 1141 1678 1214 zEgypto

116 1258 260 1312 usque
285 1242 347 1295 ad
378 1250 604 1294 mortem
635 1238 761 1293 Jesu
787 1237 954 1303 Nave,
983 1251 1079 1306 per
1101 1250 1259 1306 quem
1285 1235 1508 1303 populus
1538 1234 1677 1288 idem

114 1347 291 1390 terram
329 1329 765 1400 repromissionis
811 1328 1051 1397 accepit.
1096 1341 1248 1380 sacra
1278 1335 1402 1378 sunt
1438 1326 1679 1378 instituta

112 1426 199 1479 diis
224 1423 363 1477 falsis
389 1436 418 1474 a
452 1421 667 1491 regibus
691 1418 944 1484 Grazciaa,
975 1432 1092 1487 quae
1118 1417 1430 1471 memoriam
1459 1415 1642 1469 diluvii
1662 1455 1676 1477 ,

113 1517 237 1569 etab
260 1530 322 1568 eo
349 1513 680 1567 liberationis
723 1511 1000 1566 hominum
1021 1552 1036 1578 ,
1075 1510 1304 1579 vitarque
1330 1518 1454 1563 tunc
1481 1523 1679 1562 terum-

116 1622 242 1661 nosae
271 1606 426 1660 modo
463 1605 529 1659 ad
558 1605 662 1659 alta
683 1646 699 1671 ,
733 1602 892 1658 modo
930 1602 996 1656 ad
1027 1602 1182 1672 plana
1209 1599 1566 1671 migrantium,
1595 1614 1682 1652 so-

117 1700 258 1754 lemni
297 1698 608 1753 celebritate
658 1705 996 1751 revocarunt.
1040 1692 1173 1750 Nam
1218 1705 1270 1749 et
1317 1693 1680 1762 Lupercorum

117 1808 195 1861 per
222 1807 420 1846 sacram
450 1791 590 1844 viam
634 1803 914 1843 ascensum
957 1795 1118 1857 atque
1165 1787 1478 1841 descensum
1512 1783 1584 1856 (a)
1607 1784 1684 1838 sic

116 1887 515 1953 interpretantur
539 1923 554 1948 ,
599 1889 656 1935 ut
684 1879 752 1934 ab
776 1881 857 1936 eis
882 1879 1168 1950 significari
1196 1879 1375 1932 dicant
1406 1877 1648 1930 homines
1665 1915 1680 1942 ,

114 1977 189 2046 qui
217 1986 424 2045 propter
451 1989 606 2044 aquze
638 1971 1035 2027 inundationem
1063 1986 1269 2026 summa
1296 1971 1556 2024 montium
1584 1986 1682 2037 pe-

115 2072 340 2135 tiverunt,
359 2077 413 2122 et
426 2081 616 2121 rursus
645 2065 832 2121 eadem
862 2065 1131 2120 residente
1158 2063 1224 2118 ad
1251 2063 1356 2117 ima
1387 2062 1681 2116 redierunt.

117 2163 191 2217 His
233 2161 563 2231 temporibus
597 2160 939 2232 Dionysium,
987 2158 1078 2228 qui
1123 2157 1282 2212 etiam
1321 2155 1482 2210 Liber
1534 2165 1686 2222 pater

119 2256 267 2310 dictus
292 2266 390 2317 est,
421 2263 478 2308 et
507 2263 628 2323 post
655 2262 882 2306 mortem
911 2251 1043 2304 deus
1074 2249 1303 2312 habitus,
1328 2248 1488 2302 vitem
1510 2245 1688 2301 ferunt

118 2347 393 2403 ostendisse
440 2347 496 2400 in
526 2347 700 2400 Attica
734 2355 871 2400 terra
905 2343 1099 2413 hospiti
1131 2356 1247 2396 suo.
1281 2341 1430 2396 Tunc
1457 2340 1688 2410 Apollini

120 2438 348 2508 Delphico
377 2437 607 2492 instituti
638 2445 763 2490 sunt
812 2434 918 2488 ludi
947 2433 1133 2487 musici
1155 2474 1167 2495 ,
1201 2441 1259 2486 ut
1287 2432 1586 2502 placaretur
1611 2431 1688 2484 ira

121 2530 253 2598 ejus,
298 2544 398 2599 qua
445 2529 710 2600 putabant
755 2525 978 2580 afﬂictas
1007 2539 1126 2579 esse
1152 2524 1429 2579 sterilitate
1471 2522 1689 2578 Grmciae

121 2622 340 2692 regiones
364 2663 378 2685 ,
424 2621 554 2692 quia
584 2634 690 2674 non
716 2617 1051 2674 defenderint
1079 2616 1334 2688 templum
1365 2616 1480 2685 ejus
1500 2658 1514 2677 ,
1546 2615 1687 2684 quod

122 2729 201 2770 rex
226 2715 428 2769 Danaus
451 2753 469 2780 ,
505 2728 626 2768 cum
657 2711 871 2767 easdem
900 2718 1071 2764 terras
1096 2709 1236 2763 bello
1264 2708 1578 2774 invasisset,
1611 2707 1691 2760 in-

121 2808 292 2864 cendit.
331 2808 439 2862 Hos
482 2815 662 2860 autem
694 2804 846 2858 ludos
877 2811 933 2857 ut
959 2801 1296 2856 instituerent
1322 2799 1537 2853 oraculo
1567 2807 1691 2852 sunt

123 2901 221 2971 ejus
245 2901 555 2956 admoniti‘.
599 2899 655 2952 In
698 2897 869 2952 Attica
915 2911 1044 2950 vero
1088 2909 1183 2948 rex
1217 2891 1592 2947 Erichthonius
1641 2891 1692 2944 ei

125 2993 255 3048 ludos
282 2996 484 3063 primus
517 2991 742 3045 instituit
769 3007 782 3043 :
805 3003 906 3042 nec
935 2988 982 3041 ei
1013 2994 1240 3049 tantum,
1273 2983 1367 3038 sed
1398 2983 1559 3037 etiam
1591 2981 1690 3034 Mi-

125 3104 309 3155 nervae,
353 3087 441 3142 ubi
496 3085 775 3156 praemium
805 3080 1097 3136 victoribus
1141 3078 1316 3132 oleum
1368 3074 1689 3146 ponebatur,

125 3179 244 3248 quod
285 3180 397 3247 ejus
426 3178 636 3231 fructus
682 3172 1025 3227 inventricem
1057 3169 1386 3232 Minervam,
1419 3166 1554 3220 sicut
1584 3164 1692 3218 vini

126 3271 352 3326 Liberum
379 3268 623 3324 tradunt.
660 3267 759 3320 Per
789 3279 881 3318 eos
911 3277 1080 3316 annos
1109 3275 1139 3314 a
1168 3275 1293 3329 rege
1323 3257 1533 3311 Xantho
1561 3256 1693 3310 Cre-

127 3363 351 3428 tensium,
377 3362 536 3428 cujus
559 3357 700 3426 apud
729 3355 864 3410 alios
884 3352 1025 3408 aliud
1049 3365 1244 3406 nomen
1275 3349 1571 3403 invenimus
1595 3346 1690 3417 (ὁ),

127 3463 255 3523 rapta
282 3453 594 3522 perhibetur
617 3449 828 3516 Europa
849 3488 865 3512 ,
905 3455 957 3500 et
997 3443 1120 3498 inde
1153 3440 1318 3512 geniti
1350 3437 1694 3494 Rhadaman-

129 3544 252 3610 thus,
279 3542 583 3614 Sarpedon,
613 3549 666 3596 et
691 3539 882 3602 Minos,
916 3549 1051 3607 quos
1076 3533 1245 3604 magis
1273 3547 1340 3588 ex
1363 3531 1550 3588 eadem
1579 3545 1700 3586 mu-

130 3635 239 3692 liere
273 3637 406 3692 ﬁlios
445 3634 600 3690 Jovis
626 3647 745 3687 esse
771 3630 1039 3700 vulgatum
1067 3637 1169 3682 est.
1203 3625 1308 3682 Sed
1338 3625 1520 3680 talium
1563 3623 1696 3678 deo-

131 3743 228 3781 rum
254 3727 490 3782 cultores
521 3723 649 3782 illud
670 3721 812 3793 quod
839 3721 905 3775 de
931 3735 1056 3789 rege
1076 3718 1411 3773 Cretensium
1441 3714 1696 3780 diximus,

133 3817 372 3874 historiczc
399 3817 675 3880 veritati”;
721 3814 824 3868 hoc
869 3822 1045 3866 autem
1089 3809 1232 3880 quod
1277 3809 1344 3863 de
1368 3808 1497 3863 Jove
1528 3815 1700 3876 poetas

133 3921 340 3974 cantant,
374 3911 587 3965 theatra
616 3915 970 3975 concrepant,
1005 3903 1184 3973 populi
1210 3903 1482 3957 celebrant
1503 3942 1517 3965 ,
1547 3900 1700 3954 vani-

133 4006 212 4059 tati
238 4006 495 4076 deputant
537 3999 830 4055 fabularum
858 4039 874 4065 ,
925 4007 981 4052 ut
1018 4004 1162 4051 esset
1202 3995 1342 4049 unde
1374 3993 1482 4048 ludi
1515 3992 1704 4047 fierent

137 4097 382 4164 placandis
413 4093 728 4150 numinibus
768 4092 926 4144 etiam
975 4089 1118 4144 falsis
1148 4102 1330 4142 eorum
1369 4082 1698 4139 criminibus.

136 4190 214 4246 His
243 4189 571 4260 temporibus
603 4185 861 4240 Hercules
889 4184 938 4237 in
971 4182 1132 4254 Tyria
1169 4181 1238 4251 (ε)
1267 4182 1442 4233 clarus
1469 4175 1703 4230 habeba-

137 4293 234 4347 tur;
281 4283 372 4338 sed
400 4281 655 4336 nimirum
684 4278 848 4338 alius,
882 4292 984 4328 non
1016 4275 1102 4328 ille
1130 4273 1196 4327 de
1223 4286 1328 4340 quo
1357 4284 1514 4337 supra
1545 4268 1705 4322 locuti

135 4387 316 4428 sumus.
345 4372 650 4429 Secretiore
675 4369 871 4439 quippe
898 4365 1114 4420 historia
1137 4363 1318 4434 plures
1341 4361 1503 4415 fuisse
1521 4358 1707 4413 dicun-

138 4473 207 4518 tur
246 4473 298 4520 et
331 4463 512 4520 Liberi
544 4472 722 4530 patres
761 4468 814 4513 et
858 4455 1128 4512 Hercules.
1164 4453 1314 4507 Hunc
1338 4465 1468 4505 sane
1491 4449 1700 4504 Hercu-

137 4556 256 4624 lcm,
287 4559 434 4626 cujus
462 4556 691 4626 ingentia
721 4550 999 4608 duodecim
1045 4547 1180 4602 facta
1210 4552 1527 4609 numerant,
1560 4544 1704 4598 inter

136 4665 238 4716 quae
265 4650 432 4702 Antaei
464 4647 574 4700 Afri
606 4659 791 4700 necem
837 4657 942 4696 non
988 4642 1446 4700 commemorant,
1477 4633 1616 4702 quod
1645 4647 1706 4686 ea

137 4754 212 4794 res
233 4740 294 4794 ad
319 4741 546 4794 alterum
567 4736 847 4792 Herculem
875 4732 1122 4804 pertinet,
1147 4729 1198 4782 in
1221 4727 1358 4783 (Eta
1383 4735 1562 4780 monte
1589 4739 1620 4778 a
1650 4739 1709 4780 se

140 4831 258 4900 ipso,
290 4833 566 4888 incensum
597 4828 828 4899 produnt
851 4826 964 4880 suis
992 4821 1202 4887 litteris,
1235 4835 1355 4874 cum
1387 4832 1450 4873 ea
1478 4817 1670 4872 virtute
1690 4858 1704 4882 ,

193 4990 207 5019 ι
241 4995 370 5047 ιον..
385 4984 583 5037 oraculo
597 4990 705 5034 sunt
723 4977 991 5047 admoniti;
1011 4979 1208 5037 omisso,
1235 4973 1355 5036 ejus,
1375 4971 1504 5035 quod
1526 4970 1712 5022 habent

142 5049 242 5098 editi
271 5045 814 5107 alii’etmauuscripti._
984 5101 994 5107 _
1072 5106 1076 5107 ν
1138 5100 1149 5107 ,

195 5095 521 5169 {milia
539 5095 742 5159 verita'u'.
771 5105 936 5163 Abest,
961 5100 1172 5158 dant,ab
1194 5097 1338 5148 editis
1360 5095 1467 5145 aliis
1489 5101 1542 5144 et
1559 5105 1588 5142 a
1608 5105 1710 5144 ma-

142 5176 397 5222 nuscriutis.

440 5235 532 5306 via,
555 5243 664 5306 quae
687 5243 714 5279 a
736 5238 968 5306 Varrone,
977 5225 1046 5306 de
1058 5225 1247 5306 ΓΙᾹΞΙιειιεξ
1266 5221 1430 5306 latina,

141 5280 431 5355 describi—thus,
449 5280 664 5345 sic'dicta
689 5300 781 5349 est,
806 5289 932 5355 quod
955 5280 1023 5337 ibi
1042 5280 1213 5355 fndus
1234 5285 1363 5355 inter
1388 5280 1631 5355 Homulum
1659 5286 1713 5355 et

142 5341 517 5427 manilii-Egit]
545 5341 838 5404 sabinorum
860 5354 1004 5427 ictum
1038 5348 1204 5419 fuerit.

145 5403 360 5476 viafideo
377 5403 702 5482 ititp—eircorum
726 5413 1047 5470 sacerdotum,
1077 5412 1182 5482 sive
1202 5418 1368 5456 eorum
1392 5406 1472 5482 qui
1491 5403 1586 5482 deo
1602 5403 1712 5452 Pani

145 5465 794 5540 sacraiaciebatit,ascensus
823 5488 910 5540 per
936 5465 1045 5540 eam
1057 5480 1118 5540 Aet
1135 5473 1403 5540 descensus
1417 5465 1614 5540 dicitur.

205 5541 269 5604 (ὁ)
296 5545 506 5592 aster-ius
528 5532 799 5604 nominatur
823 5532 870 5586 in
895 5537 1094 5604 Eusebii
1107 5532 1356 5604 Chronico,
1378 5532 1558 5604 quisi
1573 5532 1714 5604 Euro-

148 5588 597 5665 pa‘ithad‘amantum,
621 5588 944 5665 Sarpedonem
970 5606 1028 5665 et.
1045 5598 1243 5665 minuent
1260 5589 1503 5665 gepuisse
1515 5588 1708 5665 dicitur.

202 5648 734 5728 (Ej'iié'riﬁiié'iiési,
747 5648 920 5728 'Syrift.
941 5659 1030 5709 sed
1054 5661 1094 5728 si
1113 5659 1189 5705 hic
1208 5648 1710 5728 estAHer-‘culles‘qnjiiu

146 5709 950 5784 Oﬁtalcritiiliiistitsuesi,“Hercules
987 5723 1184 5784 Argivus
1221 5716 1330 5771 erit,
1367 5719 1418 5760 et
1448 5709 1711 5772 legendum

153 5791 253 5848 erit,
274 5789 323 5839 in
350 5790 604 5853 Tyrinthia,
641 5779 751 5851 quae
777 5793 852 5835 est
883 5785 998 5853 urbs
1025 5779 1426 5853 inAPeloponneso
1448 5786 1602 5836 prope
1626 5787 1710 5823 ar-

150 5845 248 5911 cus.
271 5855 320 5903 in
338 5845 435 5912 qua
458 5845 688 5904 educatus
710 5855 788 5901 est
809 5845 1056 5898 Hercules.
1078 5850 1190 5895 Lup.
1215 5848 1370 5891 γεω.

3253 321 3358 380 570

1779 456 1883 510 qua
1910 451 2150 496 monstra
2177 441 2479 512 subegerat,
2508 441 2751 496 morbum
2779 449 2977 506 tamen,
3003 456 3109 512 quo
3137 441 3356 514 langue-

1778 532 1902 598 bat,
1933 535 2195 588 sustinere
2222 550 2327 588 non
2371 545 2570 604 posset.
2605 536 2699 590 Illo
2729 545 2967 606 tempore
2992 536 3076 590 vel
3117 551 3238 600 rex,
3272 533 3359 589 vel

1779 626 1954 694 potius
1979 636 2234 696 tyrannus
2261 628 2461 682 Busiris
2486 630 2596 682 suis
2625 629 2727 683 diis
2755 644 2880 683 suos
2911 628 3148 695 hospites
3170 631 3360 682 inuno-

1779 718 1974 785 labat‘,
1997 735 2152 789 quem
2175 721 2336 774 ﬁlium
2355 720 2633 790 perhibent
2651 722 2811 775 fuisse
2833 721 3083 790 Neptuni,
3105 737 3170 775 ex
3193 729 3362 774 matre

1779 809 1964 880 Libya,
1997 811 2101 865 lilia
2127 811 2348 880 Epaphi.
2379 811 2574 866 Verum
2605 829 2708 865 non
2729 812 2976 867 credatur
2997 811 3098 866 hoc
3118 821 3361 880 stuprum

1780 913 2114 972 perpetrasse
2141 904 2412 973 Neptunus
2436 946 2451 970 ,
2497 920 2564 958 ne
2595 904 2668 958 dii
2698 915 3014 959 accusentur
3037 922 3049 957 :
3073 903 3166 956 sed
3194 902 3362 971 poetis

1781 1007 1835 1050 et
1883 998 2103 1051 theatris
2154 998 2251 1050 ista
2296 997 2627 1062 tribuantur,
2677 1008 2735 1051 ut
2777 998 2845 1050 sit
2887 995 3027 1050 unde
3067 995 3360 1063 placentur.

1785 1086 2112 1142 Erichthonii
2131 1088 2269 1157 regis
2287 1086 2708 1153 Atheniensium,
2727 1087 2879 1155 cujus
2895 1086 3196 1139 novissimis
3211 1084 3363 1137 annis

1781 1177 1937 1233 Jcsus
1966 1179 2108 1234 Nave
2151 1189 2390 1234 mortuus
2419 1179 2715 1247 reperitur,
2769 1178 3032 1232 Vulcanus
3057 1188 3110 1231 et
3133 1177 3363 1231 Minerva

1784 1282 2029 1338 parentes
2061 1270 2223 1326 fuisse
2246 1270 2511 1325 dicuntur.
2542 1270 2644 1325 Sed
2670 1271 2917 1338 quoniam
2947 1269 3232 1323 Minervam
3261 1269 3366 1322 vir-

1783 1362 1959 1431 ginem
1994 1365 2210 1428 volunt,
2264 1364 2316 1417 in
2359 1363 2638 1417 amborum
2682 1363 3026 1416 contentione
3074 1363 3362 1415 Vulcanum

1785 1465 2109 1510 commotum
2139 1456 2389 1510 effudisse
2431 1456 2580 1510 aiunt
2625 1470 2810 1510 semen
2839 1455 2893 1508 in
2933 1464 3163 1518 terram,
3210 1465 3368 1522 atque

1785 1547 1908 1601 inde
1937 1546 2135 1601 homini
2165 1557 2290 1602 nato
2315 1548 2384 1602 ob
2404 1562 2522 1601 eam
2543 1561 2755 1600 causam
2778 1546 2885 1600 tale
2905 1546 3128 1600 inditum
3152 1561 3366 1599 nomen.

1786 1637 1972 1694 Graeca
1999 1638 2140 1693 enim
2169 1639 2345 1708 lingua
2372 1648 2473 1709 ερις
2501 1639 2773 1693 contentio
2791 1679 2806 1702 ,
2851 1648 2906 1692 et
2934 1647 3052 1707 χθών
3080 1647 3224 1693 terra
3255 1646 3368 1704 est;

1785 1746 1850 1785 ex
1883 1731 2075 1800 quibus
2105 1732 2312 1786 duobus
2342 1732 2693 1801 compositum
2725 1731 3039 1785 vocabulum
3071 1741 3152 1784 est
3179 1731 3370 1784 Erich-

1790 1824 2024 1877 thonius.
2070 1823 2304 1885 Verum,
2349 1822 2489 1893 quod
2529 1822 2801 1877 fatendum
2841 1832 2955 1886 est,
2989 1822 3234 1876 refellunt
3262 1831 3314 1875 et
3340 1835 3371 1875 a

1788 1915 1898 1970 suis
1923 1916 2022 1968 diis
2053 1915 2316 1983 repellunt
2345 1915 2441 1968 ista
2471 1913 2755 1976 doctiores,
2789 1913 2878 1980 qui
2908 1912 3042 1966 hanc
3066 1913 3370 1980 opinionem

1789 2005 2081 2060 fabulosam
2108 2005 2229 2059 hinc
2255 2014 2492 2059 exortam
2525 2005 2699 2058 ferunt
2719 2045 2733 2069 ,
2766 2005 2888 2074 quia
2934 2003 2986 2056 in
3019 2003 3216 2072 templo
3244 2002 3372 2056 Vul-

1790 2100 1906 2154 cani
1939 2107 1990 2152 et
2019 2098 2290 2162 Minervae,
2314 2096 2453 2168 quod
2479 2097 2636 2151 ambo
2662 2112 2822 2151 unum
2846 2095 3110 2149 habebant
3131 2093 3373 2160 Athenis,

1792 2194 2064 2261 eXpositus
2108 2193 2360 2246 inventus
2389 2199 2472 2245 est
2511 2207 2642 2260 puer
2680 2191 2912 2244 dracone
2942 2188 3204 2242 involutus
3227 2229 3241 2252 ,
3287 2186 3375 2257 qui

1793 2302 1912 2341 eum
1944 2285 2260 2354 significavit
2302 2299 2547 2354 magnum
2581 2281 2847 2345 futurum,
2893 2291 2946 2334 et
2985 2289 3202 2349 propter
3225 2293 3375 2332 com-

1793 2392 1953 2432 mune
1974 2376 2248 2444 templum,
2276 2389 2395 2430 cum
2422 2383 2601 2429 essent
2625 2379 2873 2442 parentes
2893 2369 3008 2439 ejus
3035 2370 3218 2439 ignoti,
3249 2367 3377 2422 Vul-

1793 2472 1910 2526 cani
1951 2478 2008 2524 et
2033 2470 2279 2524 Minervae
2318 2467 2516 2522 dictum
2559 2479 2679 2520 esse
2721 2463 2884 2518 ﬁlium
2909 2463 3172 2516 :nominis
3201 2471 3379 2514 tamen

1794 2563 1910 2632 ejus
1939 2561 2196 2632 originem
2229 2558 2404 2614 fabula
2449 2557 2538 2612 illa
2585 2557 2761 2625 potius
2799 2571 2958 2625 quam
3000 2555 3099 2608 ista
3140 2553 3382 2620 designat

1797 2656 2039 2710 historia.
2075 2653 2178 2710 Sed
2208 2653 2333 2724 quid
2376 2650 2442 2704 ad
2487 2649 2616 2704 nos?
2659 2650 2770 2703 lloc
2813 2649 2865 2702 in
2915 2646 3190 2700 veracibus
3235 2645 3382 2699 libris

1797 2748 2040 2804 homines
2069 2747 2297 2802 instruat
2323 2745 2654 2816 religiosos”,
2699 2743 2824 2798 illud
2853 2743 2906 2795 in
2948 2739 3220 2794 fallacibus
3247 2737 3384 2792 ludis

1796 2840 2068 2895 daemones
2095 2840 2323 2894 delectet
2355 2839 2595 2907 impuros
2619 2855 2633 2892 :
2657 2849 2792 2905 quos
2818 2844 2995 2887 tamen
3039 2831 3114 2884 illi
3154 2829 3384 2898 religiosi

1798 2944 2048 3004 tanquam
2079 2934 2207 2988 deos
2233 2933 2445 2995 colunt;
2478 2939 2530 2984 et
2557 2943 2677 2983 cum
2705 2927 2773 2981 de
2794 2925 2896 2979 illis
2927 2925 3040 2978 haec
3068 2930 3279 2992 negant.
3313 2919 3381 2972 ab

1798 3028 1944 3082 onmi
1971 3041 2066 3081 eos
2092 3026 2314 3080 crimine
2343 3037 2567 3091 purgare
2607 3034 2711 3073 non
2743 3025 2996 3089 possunt,
3027 3014 3275 3082 quoniam
3300 3009 3384 3063 lu-

1799 3120 1896 3175 dos
1933 3121 2011 3175 eis
2052 3116 2395 3188 poscentibus
2439 3113 2692 3169 exhibent
2717 3152 2730 3176 ,
2775 3110 2862 3163 ubi
2903 3107 3127 3174 turpiter
3159 3112 3386 3174 aguntur

1799 3229 1917 3282 qua:
1947 3211 2094 3266 velut
2133 3209 2403 3277 sapienter
2440 3213 2732 3274 negantur,
2763 3211 2813 3254 et
2847 3199 2928 3254 his
2959 3197 3106 3251 falsis
3129 3210 3190 3255 ac
3217 3192 3387 3270 turpi-

1800 3307 1900 3362 bus
1927 3305 2000 3360 dii
2023 3303 2317 3374 placantur,
2333 3298 2420 3354 ubi
2447 3297 2550 3358 etsi
2588 3293 2761 3355 fabula
2783 3306 2958 3354 cantat
2978 3311 3180 3352 crunen
3204 3295 3386 3349 numi-

1801 3414 1929 3456 num
1961 3397 2149 3454 falsum
2169 3438 2185 3464 ,
2217 3393 2468 3453 delectari
2495 3403 2674 3450 tamen
2718 3391 2852 3447 falso
2893 3389 3120 3446 crimine
3139 3430 3154 3457 ,
3185 3388 3389 3443 crimen

1799 3503 1886 3551 est
1909 3509 2113 3548 verum.
2459 3478 2500 3510 ⁸

1800 3608 2026 3666 CAPUT
2064 3605 2201 3662 XIII.
2228 3635 2298 3645 —
2321 3603 2560 3669 Qualium
2605 3599 2894 3669 fabularum
2932 3598 3171 3668 ﬁgmenta
3211 3601 3388 3649 exorta

1879 3703 1973 3757 sint
2016 3715 2075 3755 eo
2109 3710 2349 3768 tempore,
2393 3711 2490 3766 quo
2540 3691 2768 3746 Hebraeis
2801 3689 3010 3745 Judices
3046 3702 3260 3760 praeesse
3292 3701 3393 3741 caa-

1875 3801 2074 3867 perunt.

1877 3908 2006 3962 Post
2047 3914 2275 3961 mortem
2303 3901 2431 3958 Jesu
2455 3899 2622 3963 Nave,
2665 3896 2894 3967 populus
2920 3893 3017 3948 Dei
3055 3891 3270 3947 Judices
3298 3889 3393 3944 ha-
3465 3874 3472 3882 ’

1806 4001 1941 4066 buit,
1983 3998 2175 4068 quibus
2215 3992 2547 4062 temporibus
2577 3990 2977 4043 alternaverunt
3014 3982 3155 4054 apud
3202 3997 3298 4038 eos
3340 3989 3396 4036 et

1807 4090 2138 4146 humilitates
2173 4086 2416 4140 laborum
2455 4096 2552 4152 pro
2589 4095 2774 4134 eorum
2801 4075 3054 4147 peccatis,
3087 4085 3137 4130 et
3169 4087 3394 4143 prospe-

1808 4187 1993 4242 ritates
2024 4179 2448 4236 consolationum
2476 4181 2694 4243 propter
2719 4169 3113 4224 miserationem
3145 4166 3260 4220 Dei.
3299 4164 3394 4219 His

1813 4274 2143 4344 temporibus
2186 4268 2376 4324 fabulae
2419 4265 2554 4319 ficta:
2597 4270 2724 4317 sunt
2762 4260 2828 4314 de
2869 4258 3220 4327 Triptolemo,
3251 4254 3394 4325 quod

1806 4369 2026 4440 jubente
2064 4363 2284 4426 Cerere,
2317 4358 2578 4428 anguibus
2605 4362 2844 4425 portatus
2886 4349 3120 4415 alitibus,
3150 4348 3395 4417 indigen-

1815 4464 1952 4518 tibus
1999 4457 2156 4513 terris
2200 4456 2463 4509 frumenta
2506 4447 2732 4503 volando
2769 4442 3186 4500 contuleritzde
3230 4440 3399 4496 Mino-

1815 4567 1984 4617 tauro,
2034 4548 2174 4620 quod
2225 4546 2392 4601 bestia
2441 4541 2600 4597 fuerit
2643 4538 2847 4592 inclusa
2890 4533 3246 4606 Labyrintho;
3291 4546 3398 4600 quo

1813 4663 1934 4702 cum
1980 4646 2270 4699 intrassent
2313 4637 2576 4700 homines,
2627 4629 2978 4690 inextricabili
3024 4641 3228 4690 errore,
3273 4624 3398 4679 inde

1814 4740 1959 4793 exire
2005 4751 2109 4790 non
2151 4728 2530 4802 potcrautzde
2569 4723 2850 4777 Centauris
2876 4761 2891 4786 ,
2952 4717 3092 4788 quod
3140 4730 3401 4784 equorum

1817 4831 2196 4895 hominumque
2238 4822 2398 4877 fuerit
2442 4828 2629 4873 natura
2671 4813 2954 4883 conjuncta
2996 4810 3104 4864 :de
3145 4809 3399 4872 Cerbero,

1815 4921 1957 4993 quod
1984 4922 2051 4974 sit
2077 4919 2273 4986 triceps
2302 4913 2590 4968 inferorum
2622 4906 2770 4961 canis
2798 4904 2899 4958 :de
2927 4903 3140 4973 Phryxo
3167 4909 3224 4955 et
3253 4899 3401 4954 Helle

1817 4989 1932 5084 ejus
1977 5024 2182 5074 sorore,
2230 5004 2372 5075 quod
2411 5002 2551 5057 vecti
2600 4999 2770 5053 ariete
2795 4995 3090 5050 volaveriut
3115 5010 3128 5046 :
3155 4992 3221 5047 de
3262 4989 3402 5047 Coro

1816 5122 1977 5177 gone,
2006 5103 2149 5174 quod
2191 5099 2348 5154 fuerit
2372 5095 2560 5149 crinita
2594 5089 2952 5161 serpentibus,
2996 5095 3051 5141 et
3081 5086 3402 5155 aspicientes

1817 5175 2162 5252 convertebat
2187 5191 2239 5245 in
2265 5187 2467 5257 lapides
2497 5202 2509 5237 :
2535 5185 2602 5238 de
2631 5178 3062 5248 Bellerophonte,
3095 5175 3235 5244 quod
3264 5188 3403 5240 equo

1819 5289 2007 5359 pennis
2035 5285 2253 5340 volante
2288 5282 2357 5334 sit
2379 5288 2582 5338 vectus,
2629 5274 2718 5344 qui
2765 5287 2933 5341 equus
2963 5268 3198 5337 Pegasus
3227 5264 3400 5318 dictus

1819 5357 1944 5438 est:
1975 5380 2043 5436 de
2087 5376 2407 5446 Amphione,
2448 5370 2589 5444 quod
2633 5369 2855 5423 citharae
2899 5363 3158 5418 suavitate
3199 5357 3402 5428 lapides

1819 5483 2063 5540 tnulserit
2114 5487 2170 5536 et
2213 5474 2530 5533 attraxerit:
2562 5469 2630 5526 de
2684 5465 2833 5520 fabro
2880 5459 3126 5526 Daedalo,
3182 5467 3234 5512 et
3285 5456 3402 5525 ejus

1881 5645 1898 5676 ι
1935 5641 2101 5691 Plures
2123 5647 2250 5696 Mss,
2273 5631 2487 5685 Busirius
2509 5627 2610 5680 suis
2633 5623 2730 5682 diis
2748 5635 2858 5674 suos
2894 5619 3050 5685 pocius
3081 5616 3286 5679 hospites
3309 5614 3404 5665 im-
