3826 6484
569 319 675 376 575

565 446 665 488 nec
691 447 882 502 corpus
909 431 1119 502 quidem
1141 434 1246 488 ulla
1271 435 1478 489 ratione
1501 432 1819 489 crediderim
1847 433 2150 488 daemonum

566 534 680 578 arte
707 525 790 579 vel
823 535 1084 594 potestate
1112 526 1163 578 in
1192 525 1430 580 membra
1459 535 1514 580 et
1543 525 1866 580 lineamenta
1911 525 2152 580 bestialia

567 615 832 669 veraciter
863 631 1019 684 posse
1040 617 1278 670 converti
1305 636 1319 671 :
1348 616 1442 671 sed
1475 617 1866 686 phantasticum
1897 616 2151 684 hominis,

569 708 711 778 quod
768 710 926 763 etiam
979 710 1260 780 cogitando
1313 711 1424 764 sive
1472 710 1787 764 somniando
1836 725 1930 779 per
1974 725 2155 765 rerum

572 801 979 856 innumerabilia
1013 818 1210 874 genera
1246 805 1513 871 variatur,
1542 813 1598 858 et
1642 819 1763 858 cum
1811 818 2006 871 corpus
2049 816 2154 856 non

574 896 684 962 sit,
737 911 1022 964 corporum
1073 907 1249 952 tamen
1297 897 1500 952 similes
1544 897 1676 952 mira
1722 897 1991 951 celeritate
2044 893 2156 950 for-

571 1003 687 1043 mas
715 989 899 1058 capit,
941 989 1126 1059 sopitis
1165 999 1257 1043 aut
1302 989 1572 1060 oppressis
1617 989 1888 1058 corporeis
1927 987 2158 1042 hominis

572 1079 855 1146 sensibus,
886 1080 952 1135 ad
1009 1081 1234 1136 aliorum
1277 1095 1491 1136 sensum
1530 1082 1710 1136 nescio
1751 1096 1857 1149 quo
1906 1079 2156 1133 ineﬁabili

573 1171 736 1224 modo
763 1170 928 1240 ﬁgura
954 1186 1210 1241 corporea
1236 1187 1395 1242 posse
1441 1170 1660 1241 perduci
1694 1189 1705 1224 :
1737 1171 1807 1224 ita
1839 1178 1895 1223 ut
1930 1183 2156 1238 corpora

577 1261 690 1330 ipsa
723 1262 1000 1317 hominum
1029 1263 1220 1318 alicubi
1237 1264 1483 1332 jaceant,
1515 1263 1744 1316 viventia
1784 1261 2032 1332 quidem,
2063 1261 2156 1316 sed

571 1356 739 1408 multo
776 1358 990 1424 gravius
1034 1365 1192 1426 atque
1232 1356 1601 1412 vehementius
1640 1371 1800 1426 quam
1832 1371 2019 1410 somno
2045 1355 2157 1409 suis

569 1445 816 1500 sensibus
851 1447 1147 1511 obseratis;
1179 1447 1566 1516 pliantasticum
1599 1457 1775 1500 autem
1823 1445 1950 1499 illud
1992 1444 2158 1500 veluti

569 1546 908 1604 curporatnm
937 1538 989 1591 in
1012 1538 1236 1606 alicujus
1262 1538 1509 1592 animalis
1537 1536 1710 1608 efﬁgie
1747 1546 2000 1606 appareat
2036 1551 2159 1591 sen-

571 1628 718 1681 sibus
749 1628 936 1682 alienis
955 1670 968 1692 ,
995 1629 1220 1698 talisque
1251 1630 1410 1683 etiam
1437 1630 1536 1683 sibi
1567 1629 1727 1682 homo
1754 1644 1873 1682 esse
1898 1628 2154 1693 videatur,

569 1719 706 1772 sicut
752 1719 870 1772 talis
911 1719 1012 1773 sibi
1055 1720 1221 1774 videri
1278 1729 1458 1788 posset
1507 1721 1560 1774 in
1591 1723 1824 1785 somnis,
1849 1730 1902 1772 et
1944 1730 2158 1788 portare

570 1823 734 1863 onera
767 1827 779 1862 :
811 1826 927 1878 quae
953 1825 1140 1877 onera,
1173 1814 1214 1865 si
1248 1827 1376 1866 vera
1397 1821 1521 1866 sunt
1548 1826 1794 1880 corpora,
1816 1819 2090 1880 portantur
2126 1825 2158 1864 a

573 1899 946 1967 daemonibus,
987 1911 1044 1956 ut
1089 1903 1344 1958 illudatur
1399 1905 1743 1972 hominibus,
1796 1904 1984 1972 partim
2032 1917 2160 1957 vera

575 2007 799 2046 onerum
834 2009 1060 2064 corpora
1089 2037 1104 2061 ,
1135 1996 1326 2066 partim
1349 1996 1715 2064 jumentorum
1763 1995 1895 2048 falsa
1933 2009 2161 2048 cernen-

576 2086 736 2140 tibus.
792 2085 925 2140 Nam
970 2087 1185 2156 quidam
1231 2089 1446 2142 nomine
1494 2088 1838 2142 Prmstantius
1883 2086 2017 2156 patri
2063 2099 2160 2140 suo

573 2179 863 2246 contigisse
910 2179 1180 2233 indicabat
1203 2218 1221 2246 ,
1255 2189 1312 2232 ut
1357 2194 1620 2232 venenum
1651 2179 1780 2232 illud
1821 2193 1915 2248 per
1943 2191 2158 2231 caseum

573 2267 628 2321 in
653 2268 811 2322 domo
843 2283 938 2323 sua
980 2278 1256 2333 sumeret,
1287 2279 1342 2324 et
1375 2270 1580 2338 jaceret
1612 2270 1663 2322 in
1695 2269 1833 2322 lecto
1876 2283 1974 2322 suo
2008 2267 2162 2337 quasi

572 2359 881 2424 dormiens,
914 2362 1002 2430 qui
1037 2371 1213 2415 tamen
1262 2362 1411 2416 nullo
1460 2361 1620 2415 modo
1661 2370 1868 2428 poterat
1905 2359 2157 2414 excitari.

570 2452 698 2506 Post
719 2454 922 2524 aliquot
949 2465 1125 2508 autem
1151 2456 1267 2510 dies
1297 2471 1417 2510 eum
1442 2455 1585 2509 velut
1615 2456 1895 2523 evigilasse
1924 2455 2156 2521 dicebat,

571 2555 624 2599 et
651 2545 798 2613 quasi
825 2546 1031 2600 somnia
1054 2562 1300 2601 narrasse
1329 2562 1448 2615 qua:
1482 2562 1664 2616 passus
1684 2557 1784 2608 est,
1815 2546 2076 2601 caballum
2102 2561 2163 2602 se

571 2637 777 2690 scilicet
803 2637 1020 2702 factum,
1039 2652 1304 2691 annonam
1335 2639 1473 2692 inter
1503 2637 1604 2691 alia
1629 2639 1866 2708 junieuta
1897 2638 2163 2708 bajulasse

577 2727 834 2782 militibus
856 2769 872 2794 ,
899 2744 1019 2798 qua:
1067 2729 1261 2782 dicitur
1290 2728 1476 2784 Retica
1498 2770 1512 2794 ,
1545 2731 1795 2798 quoniam
1824 2731 1890 2783 ad
1939 2729 2116 2783 lietias
2145 2730 2157 2760 ⁸

573 2819 903 2892 deportatur.
951 2821 1105 2888 Quod
1167 2820 1278 2884 ita,
1339 2833 1398 2876 ut
1451 2823 1716 2888 narravit,
1763 2821 1962 2876 factum
2002 2821 2163 2876 fuisse

573 2921 905 2980 compertum
950 2922 1078 2966 est:
1119 2927 1238 2982 qua:
1289 2921 1468 2966 tamen
1511 2913 1559 2966 ei
1607 2927 1702 2966 sua
1747 2913 1952 2965 somnia
2014 2912 2162 2965 vide-

575 3002 787 3058 bantur.
824 3003 1080 3058 lndicavit
1123 3015 1177 3060 et
1205 3005 1340 3059 alius
1369 3019 1428 3059 se
1456 3003 1601 3059 domi
1630 3019 1742 3058 sua:
1769 3019 1862 3073 per
1907 3012 2159 3067 noctem,

571 3107 858 3167 antequam
919 3099 1322 3167 requiesceret,
1369 3097 1567 3152 vidisse
1625 3099 1930 3152 venientem
1991 3094 2060 3149 ad
2103 3109 2164 3150 se

571 3188 855 3257 quemdam
890 3189 1261 3260 philosophum
1290 3188 1392 3244 sibi
1420 3189 1758 3242 notissimum
1783 3229 1797 3254 ,
1831 3187 2038 3256 sibique
2064 3201 2162 3240 ex-

577 3282 818 3349 posuisse
843 3283 1100 3337 nonnulla
1137 3283 1408 3336 Platonica
1435 3323 1450 3346 ,
1482 3297 1602 3350 qua:
1630 3289 1784 3335 antea
1818 3291 2036 3351 rogatus
2063 3297 2160 3335 ex-

578 3386 775 3441 ponere
801 3373 1079 3428 noluisset.
1106 3373 1173 3427 Et
1201 3388 1321 3427 cum
1353 3373 1420 3426 ab
1448 3372 1636 3427 eodem
1673 3372 1991 3442 philosopho
2013 3385 2161 3442 quae-

572 3463 736 3518 situm
795 3464 1017 3530 fuisset,
1048 3479 1144 3518 cur
1191 3465 1244 3518 in
1299 3463 1461 3519 domo
1505 3465 1621 3533 ejus
1671 3463 1860 3519 fecerit
1913 3466 2056 3534 quod
2109 3465 2163 3519 in

573 3553 733 3609 domo
763 3570 856 3611 sua
887 3558 1083 3625 petenti
1106 3566 1392 3624 negaverat
1420 3574 1434 3610 :
1465 3555 1587 3610 Non
1613 3556 1729 3626 feci,
1758 3557 1947 3626 inquit,
1973 3557 2061 3611 sed
2086 3574 2165 3612 me

573 3647 751 3718 fecisse
790 3649 1056 3702 somniavi.
1107 3650 1182 3702 Ac
1233 3663 1331 3717 per
1379 3648 1481 3703 hoc
1531 3649 1685 3703 alteri
1737 3664 1832 3717 per
1875 3650 2160 3719 imaginem

574 3736 965 3806 plrantasticam
997 3739 1288 3793 exhibituni
1311 3747 1393 3794 est
1413 3739 1670 3810 vigilanti,
1698 3740 1840 3810 quod
1867 3741 2004 3795 alter
2033 3740 2164 3796 vidit

570 3831 625 3881 in
653 3830 879 3882 somnis.

644 3921 697 3973 5.
729 3920 852 3975 Haec
878 3921 944 3976 ad
989 3937 1087 3976 nos
1125 3937 1230 3978 non
1268 3922 1712 3993 quibuscumque,
1750 3923 1994 3994 qualibus
2039 3939 2161 3979 cre-

571 4010 700 4067 dere
759 4022 1064 4081 putaremus
1116 4016 1429 4085 indignum,
1508 4015 1604 4070 sed
1665 4016 1744 4070 eis
1806 4017 2164 4072 referentibus

576 4115 950 4172 pervenerunt,
997 4123 1131 4177 quos
1170 4109 1326 4162 nobis
1365 4122 1470 4162 non
1520 4107 1952 4162 existimaremus
1997 4108 2164 4164 fuisse

573 4199 844 4255 mentitos.
892 4201 1122 4257 Proinde
1165 4203 1304 4272 quod
1349 4202 1594 4258 homines
1633 4202 1903 4267 dicuntur,
1938 4203 2162 4256 manda-

575 4302 792 4362 tumque
834 4303 916 4348 est
959 4293 1174 4360 litteris,
1220 4297 1288 4350 ab
1332 4296 1433 4350 diis
1476 4295 1559 4349 vel
1614 4295 1789 4364 potius
1830 4295 2163 4352 daemonibus

571 4386 920 4453 Arcadibus”,
952 4389 1003 4443 in
1032 4390 1188 4459 lupos
1215 4390 1388 4445 Solere
1415 4391 1676 4457 converti,
1702 4401 1758 4445 et
1781 4389 1925 4461 quod

631 4502 930 4552 Carminibus
947 4503 1082 4553 Circe
1097 4503 1255 4554 socios
1271 4503 1474 4565 mutavit
1505 4500 1708 4565 Ulyssel,

1225 4565 1244 4629 (
1270 4563 1438 4628 I'irgil.
1463 4563 1622 4628 Eclog.
1649 4564 1698 4626 8,
1725 4577 1768 4615 υ.
1793 4565 1912 4630 70.)

575 4669 866 4722 secundum
912 4669 1071 4724 istum
1115 4671 1329 4725 modum
1359 4669 1489 4724 mihi
1518 4670 1728 4725 videtur
1759 4671 1871 4725 ﬁeri
1905 4671 2159 4740 potuisse,

575 4772 730 4825 quem
763 4759 900 4824 dixi;
928 4763 970 4814 si
1004 4771 1178 4816 tamen
1225 4763 1418 4815 factum
1466 4770 1566 4816 est.
1615 4762 1929 4816 Diomedeas
1983 4771 2162 4816 autem

573 4849 834 4914 volucres,
863 4852 1293 4922 quandoquidem
1321 4868 1488 4924 genus
1516 4868 1700 4908 earum
1729 4868 1826 4923 per
1869 4855 2165 4908 successio-

573 4956 693 4993 nem
751 4946 1050 5013 propaginis
1126 4946 1320 5002 durare
1378 4947 1719 5016 perhibetur,
1778 4964 1881 5002 non
1946 4949 2164 5003 mutatis

573 5032 877 5090 hominibus
906 5035 1093 5102 factas,
1122 5039 1213 5094 sed
1247 5039 1532 5095 subtractis
1573 5039 1736 5094 credo
1767 5038 1931 5094 fuisse
1967 5043 2164 5109 suppo-é

572 5128 738 5191 sitas;
771 5127 906 5182 sicut
928 5143 1085 5183 cerva
1109 5146 1204 5200 pro
1226 5130 1517 5202 Iphigenia,
1563 5131 1702 5201 regis
1747 5131 2165 5201 Agamemnonis

577 5223 702 5276 lilia.
735 5221 915 5290 Neque
961 5223 1102 5276 enim
1153 5223 1486 5278 daemonibus
1521 5223 1722 5294 judicio
1762 5224 1855 5278 Dei
1891 5225 2166 5293 permissis

579 5316 880 5386 hujusniodi
931 5318 1212 5388 praistigiaa
1258 5316 1504 5373 difﬁciles
1540 5333 1661 5374 esse
1702 5328 1991 5389 potuerunt
2023 5336 2035 5372 :
2069 5318 2164 5374 sed

577 5413 700 5480 quia
734 5411 818 5466 illa
860 5412 1010 5482 virgo
1055 5424 1236 5481 postea
1284 5412 1406 5467 viva
1447 5422 1656 5482 reperta
1699 5423 1802 5479 est,
1834 5414 2165 5482 suppositam

577 5521 672 5573 pro
714 5505 798 5558 illa
843 5520 1076 5572 cervam,
1104 5521 1226 5562 esse
1265 5505 1419 5561 facile
1452 5507 1724 5576 cognitum
1759 5515 1842 5560 est
1868 5504 1968 5575 (a).
2017 5504 2162 5560 Socii

638 5621 656 5651 ί
691 5625 822 5676 l.ov.,
847 5619 913 5669 ad
951 5605 1091 5672 ratio.
1127 5621 1296 5672 Melius
1319 5621 1432 5672 editi
1458 5618 1540 5671 alii
1563 5627 1615 5670 et
1634 5628 1762 5679 Mss,
1805 5620 1871 5671 ad
1910 5619 2082 5676 Belias,
2118 5621 2168 5670 id

574 5688 653 5746 est
675 5683 730 5728 ad
749 5689 990 5741 notorum,
1011 5697 1102 5733 seu
1126 5693 1177 5734 ut
1200 5683 1277 5734 alii
1312 5685 1546 5743 scribunt,
1573 5685 1844 5734 ithzctorum
1876 5683 2163 5746 provincias.

639 5745 659 5806 ξ
693 5748 765 5792 sic
786 5758 959 5794 omnes
984 5754 1088 5795 Mss.
1117 5749 1252 5806 Editi,
1292 5748 1506 5798 lmules.

641 5804 715 5868 (ο)
737 5810 789 5855 ιιι
810 5807 1224 5861 conﬁrmationem
1241 5804 1391 5874 hujus
1410 5811 1643 5864 doctrina:
1663 5809 1834 5863 similis
1855 5811 2059 5864 historia
2075 5821 2171 5863 ex-

1633 320 1723 376 DE
1758 319 2081 377 CIVITATE
2120 318 2259 387 DEI,
2297 317 2356 376 S.
2396 315 2762 375 AUGUSTINI
3659 331 3734 386 576

2259 447 2386 488 vero
2417 431 2686 488 Diomedis
2723 432 2845 502 quia
2886 446 3139 502 nusquam
3184 433 3355 488 subito
3388 449 3738 509 comparuerant,

2259 535 2313 581 et
2359 535 2543 597 postea
2591 525 2736 580 nullo
2776 525 2896 580 loco
2933 535 3322 594 apparuerunt,
3363 530 3652 597 perdentibus
3677 551 3742 592 eoi

2261 618 2522 672 ultoribus
2544 616 2746 687 angelis
2776 618 2949 682 malis,
2979 618 3026 670 in
3055 631 3145 671 eas
3167 632 3292 672 aves
3315 634 3428 688 qua:
3454 637 3538 688 pro
3557 623 3642 676 illis
3661 640 3743 683 sunt

2261 711 2468 764 occulte
2496 724 2563 763 ex
2593 709 2711 762 aliis
2739 709 2889 771 locis,
2921 709 3006 762 ubi
3028 717 3110 762 est
3138 708 3239 762 hoc
3265 724 3422 780 genus
3446 713 3616 777 avium,
3634 717 3682 769 ad
3701 734 3741 772 ea

2261 801 2378 856 loca
2406 802 2677 870 perductae
2701 816 2763 855 ac
2792 811 3009 870 repente
3034 803 3337 871 suppositae,
3387 804 3635 860 creduntur
3666 825 3744 866 sse

2261 893 2524 947 conversi.
2555 892 2704 960 Quod
2734 904 2910 948 autem
2949 893 3223 948 Diomedis
3260 895 3310 947 in
3335 897 3592 964 templum‘
3614 915 3745 967 aquam

2262 985 2449 1039 rostris
2473 982 2702 1039 aﬂ'erunt
2729 995 2782 1040 et
2813 996 3119 1056 aspergunt,
3147 987 3288 1055 quod
3327 988 3626 1043 blandiuntur
3646 991 3747 1046 Gne-

2260 1075 2483 1144 cigenis,
2516 1075 2839 1144 alienigenas
2862 1086 3275 1146 persequuntur,
3307 1078 3578 1132 mirandum
3599 1095 3679 1134 non
3697 1093 3752 1137 est

2264 1166 2380 1220 ﬁeri
2406 1166 2709 1220 daemonum
2748 1168 3030 1231 instinctu;
3062 1183 3292 1236 quorum
3337 1170 3555 1228 interest.
3597 1187 3751 1238 persua-

2261 1255 2388 1311 dere
2429 1256 2586 1311 deuin
2627 1256 2823 1312 factum
2865 1273 2982 1312 esse
3027 1257 3365 1324 Diomedem,
3396 1259 3457 1311 ad
3496 1258 3754 1329 decipiendus

2263 1349 2526 1415 homines,
2558 1359 2617 1404 ut
2646 1349 2804 1405 falsos
2831 1351 2960 1406 deos
2987 1367 3106 1406 cum
3139 1353 3249 1407 veri
3293 1352 3382 1408 Dei
3419 1353 3585 1420 injuria
3621 1357 3754 1410 multos

2262 1442 2460 1505 colant,
2484 1453 2537 1497 et
2560 1443 2866 1498 hominibus
2906 1446 3156 1508 mortuis,
3184 1445 3275 1513 qui
3307 1459 3400 1498 nec
3423 1459 3532 1498 cum
3565 1446 3754 1509 viverent,

2263 1548 2388 1588 vere
2410 1536 2677 1600 vixerunt,
2693 1535 2924 1603 templis,
2949 1535 3234 1602 altaribus,
3259 1535 3532 1601 sacriﬁciis,
3548 1537 3759 1589 sacerdoti-

2263 1626 2361 1681 bus
2379 1627 2396 1698 (
2416 1643 2534 1694 qua!
2561 1628 2738 1680 omnia
2770 1642 2888 1682 cum
2919 1639 3064 1682 recta
3085 1639 3235 1696 sunt,
3257 1629 3460 1682 nonnisi
3477 1629 3557 1681 uni
3582 1628 3666 1680 Deo
3682 1629 3760 1683 viro

2261 1731 2316 1773 et
2341 1734 2468 1774 vero
2495 1718 2799 1789 debentur)
2823 1720 3136 1775 inserviant.

2263 1831 2488 1887 CAPUT
2519 1830 2664 1888 XIX.
2697 1862 2767 1872 —
2802 1831 2952 1899 Quod
2979 1850 3037 1887 eo
3075 1843 3306 1904 tempore
3337 1833 3520 1890 lineas
3539 1838 3583 1890 in
3614 1837 3760 1893 Italia

2382 1925 2587 1989 venerit,
2602 1940 2702 1994 quo
2722 1923 2933 1978 Labdon
2955 1924 3132 1979 Judea:
3158 1925 3452 1996 prwsidebat
3474 1926 3672 1984 Ηώγωὶι.

2337 2054 2414 2108 Eo
2457 2064 2694 2123 tempore
2738 2067 2856 2125 post
2901 2067 3113 2127 captam
3166 2058 3390 2129 Trojam
3429 2062 3753 2131 atquedeletam,

2263 2143 2466 2200 (Encas
2496 2161 2619 2200 cum
2657 2147 2838 2216 viginti
2869 2149 3117 2214 navibus,
3148 2151 3344 2220 quibus
3372 2153 3666 2220 portabantur
3685 2157 3754 2208 teli»

2263 2236 2402 2304 quia:
2459 2236 2846 2306 'l‘rojanorum,
2919 2240 2971 2293 in
3029 2239 3245 2295 italiam
3285 2244 3456 2307 venit,
3486 2247 3753 2315 regnanteihi

2265 2327 2479 2390 Latino,
2509 2339 2562 2381 et
2591 2329 2728 2397 apud
2749 2329 3108 2385 Athenienses
3132 2331 3438 2386 Menestheo
3451 2335 3615 2402 ',apud
3631 2334 3753 2405 Sicyo-

2266 2422 2382 2475 nios
2408 2423 2721 2494 Polypliide,
2749 2425 2890 2493 apud
2933 2425 3188 2495 Assyrios
3237 2424 3532 2491 Tautane';
3553 2428 3657 2496 apud
3690 2428 3754 2482 lle

2265 2514 2439 2568 braeos
2463 2527 2641 2570 autem
2671 2515 2839 2570 Judex
2871 2515 3091 2571 Labdon
3109 2516 3234 2571 fuit.
3267 2518 3470 2572 Mortuo
3485 2520 3754 2572 alllﬂliLllan

2267 2611 2508 2680 regnavit
2531 2609 2733 2665 [Encas
2781 2611 2947 2665 tribus
3000 2613 3183 2678 annis,
3231 2612 3428 2666 eisdem
3454 2613 3503 2665 in
3527 2613 3753 2680 supradictis

2268 2705 2398 2758 locis
2423 2706 2760 2759 manentibus
2782 2706 3015 2771 regibus.
3049 2707 3151 2759 nisi
3175 2706 3319 2775 quod
3345 2706 3659 2776 Sicyoniorum
3684 2706 3750 2772 jam

2268 2798 2520 2868 Pclasgus
2542 2797 2563 2830 ’⁵
2589 2809 2723 2860 erat,
2759 2808 2812 2852 et
2855 2799 3208 2853 Hebraeorum
3255 2799 3422 2854 .ludex
3460 2799 3644 2853 Samson
3669 2798 3750 2865 :qui

2266 2907 2386 2946 cuin
2434 2893 2745 2947 mirabiliter
2790 2892 2942 2947 fortis
2981 2901 3164 2958 esset,
3211 2902 3418 2962 putatus
3456 2902 3530 2946 est
3561 2890 3749 2944 Hercules.

2267 2986 2368 3041 Sed
2401 2985 2649 3050 Aineam,
2669 2987 2920 3054 quoniam
2949 2987 3166 3056 quando
3198 3000 3433 3040 mortuus
3456 2997 3544 3044 est.
3568 3000 3647 3036 non
3662 2997 3751 3035 com-

2269 3079 2461 3147 paruit,
2480 3079 2638 3134 deum
2661 3079 2759 3133 sibi
2791 3083 3030 3133 lecerunt
3058 3078 3258 3132 Latini.
3284 3079 3457 3133 Sabini
3481 3078 3612 3130 etiam
3633 3088 3747 3142 regem

2269 3189 2421 3226 suum
2467 3173 2692 3241 primum
2730 3172 2997 3236 Sancum,
3071 3172 3187 3225 sive
3253 3182 3307 3224 ut
3372 3171 3522 3240 aliqui
3571 3169 3749 3237 appellant

2269 3267 2523 3322 Sanctum
2565 3265 2622 3328 ⁸,
2680 3265 2977 3319 retulerunt
3029 3265 3082 3317 in
3143 3265 3295 3318 deos.
3348 3264 3444 3317 Per
3505 3262 3616 3316 idem
3663 3271 3746 3310 tem-

2269 3374 2368 3429 pus
2423 3356 2666 3421 Codrus,
2715 3373 2807 3411 rex
2859 3356 3309 3417 Atheniensium,
3373 3349 3749 3421 Peloponnensibus

2267 3451 2504 3520 ejusdem
2532 3451 2776 3506 hostibus
2823 3451 3052 3505 civitatis
3094 3466 3159 3506 se
3187 3448 3576 3503 interﬁciendum
3611 3446 3747 3512 ignotis

2268 3544 2462 3612 objecit
2494 3561 2507 3596 :
2538 3551 2592 3597 et
2631 3542 2825 3596 factum
2873 3551 2977 3596 est.
3025 3542 3143 3597 Hoc
3189 3541 3349 3596 modo
3393 3555 3502 3594 eum
3549 3535 3749 3605 praebcant

2269 3636 2490 3705 patriam
2516 3634 2791 3688 liberasse.
2832 3634 3170 3702 Responsum
3199 3634 3340 3688 enim
3362 3636 3630 3696 acceperant
3650 3624 3745 3677 Pelo-

2270 3739 2572 3796 p0nneuses
2622 3733 2733 3778 tum
2775 3723 2990 3777 demum
3043 3739 3104 3776 se
3154 3731 3516 3792 superaturos,
3556 3718 3590 3769 si
3626 3726 3744 3768 comm

2265 3835 2446 3889 regem
2501 3834 2604 3873 non
2656 3816 2998 3873 occidissent.
3061 3815 3276 3871 Fefellit
3333 3830 3451 3885 ergo
3509 3826 3587 3866 eos
3629 3807 3741 3862 habitu

2269 3913 2515 3982 pauperis
2535 3911 2868 3981 apparendo,
2894 3921 2949 3964 et
2975 3911 3026 3964 in
3072 3926 3225 3964 suam
3262 3924 3437 3964 necem
3482 3921 3563 3974 per
3589 3901 3740 3970 jnrgium

2269 4005 2626 4075 provocando.
2677 4003 2827 4058 Unde
2868 4004 2944 4057 ait
2999 4002 3256 4072 Virgilius
3299 4020 3313 4055 :
3353 3999 3415 4054 Et
3445 3994 3618 4066 ‘jurgia
3644 3986 3739 4044 Codri

2267 4096 2407 4166 (Ecl.
2435 4113 2484 4159 v,
2505 4095 2686 4165 v.11).
2709 4093 2774 4148 Ει
2791 4095 2932 4148 hunc
2950 4094 3304 4148 Athenienses
3323 4102 3547 4158 tanquam
3566 4085 3680 4136 deum
3697 4092 3739 4129 sa-

2267 4189 2588 4245 criﬁciorum
2624 4189 2829 4242 honore
2855 4188 3160 4241 coluerunt.
3184 4186 3377 4253 Quarto
3398 4182 3650 4236 Latinorum
3665 4182 3738 4237 τεὲτ

2269 4281 2433 4338 Silvio
2453 4280 2640 4336 1Eueaa
2661 4281 2787 4343 ﬁlio,
2805 4296 2908 4333 non
2931 4279 2998 4334 de
3013 4278 3236 4342 Creusa,
3253 4277 3316 4331 de
3335 4291 3429 4345 qua
3448 4272 3531 4326 fuit
3547 4264 3735 4321 Ascanius.

2268 4376 2355 4446 qui
2380 4376 2566 4430 tertius
2609 4375 2677 4428 ibi
2729 4373 2990 4444 regnavit,
3020 4373 3112 4427 sed
3154 4375 3222 4427 de
3250 4370 3453 4424 Lavinio
3491 4359 3630 4420 Latini
3656 4355 3733 4416 ﬁlia,

2267 4482 2426 4538 quem
2447 4467 2786 4537 posthumum
2815 4465 3016 4520 Encas
3043 4466 3237 4520 dicitur
3273 4461 3534 4522 habuisse;
3565 4449 3733 4520 Assyrio-

2266 4633 2362 4676 stat
2384 4625 2509 4686 apud
2534 4624 2811 4675 Eusebium,
2837 4622 3058 4670 Historiae
3083 4617 3412 4668 ecclesiastica?
3432 4609 3678 4680 libr0.7..03P~
3693 4596 3725 4642 ⁸⁵

2277 4707 2296 4712 _
2323 4696 2437 4712 nu...
2463 4687 2585 4712 ...ι-..ι
2626 4695 2889 4712 nmmum...“
2914 4696 2939 4712 ιι
2963 4683 3192 4712 numnum
3215 4679 3430 4712 cnlnmnic
3449 4673 3575 4712 hnsila
3591 4657 3727 4712 ιηῐηοδ·

2274 4673 2438 4737 ἷῦιιὶὴ
2461 4687 2587 4759 apud
2626 4673 2890 4734 caesare-am
2913 4696 2941 4732 a
2963 4683 3195 4763 Gentibus
3215 4673 3725 4763 δομειξῑρξξηὺῗξῑέξ¹ἱᾜ

2817 4753 2871 4793 ut
2894 4758 3046 4808 opera
3076 4742 3305 4808 dajmonis
3334 4745 3454 4808 tanta
3485 4721 3698 4808 ςξξςςιξξιέξ

2275 4832 2296 4858 ι
2320 4811 2596 4888 meum
2621 4820 2674 4882 ιι.ι
2702 4800 3569 4888 vidissentEnse:lr'm_£E‘i.‘“.:i“i.;

2275 4892 2298 4920 ι
2321 4857 2522 4945 suis
2530 4857 2762 4945 ἲῖόσῖἱηέ..
2775 4871 2985 4945 “tua?
3019 4876 3181 4945 99'3"!
3197 4868 3492 4945 -196.”2£2ﬁ°
3509 4857 3724 4945 iraa“;

2275 4909 2298 4982 ξ
2807 4909 2976 4993 ῖῦξεηὶ
3013 4936 3127 4978 sunt
3160 4909 3321 4996 eoruin
3358 4909 3484 4974 oc'tili,
3509 4921 3552 4962 ut
3576 4909 3719 5010 ride

2321 4998 2333 5010 .
2414 5006 2422 5010 _
2435 5000 2442 5008 .
2551 4996 2595 5010 ..ι
2749 4996 2758 5010 .
2837 4996 2928 5010 -g‘-
2945 5007 2958 5010 _
2986 4991 3125 5010 -----.:
3138 5003 3184 5010 Α..
3203 4988 3342 5010 tum...
3357 4980 3536 5010 Achaiam
3556 4980 3662 5010 amne

2275 4980 2298 5044 ἆ
2320 4980 2531 5047 Bagoa};
2546 4980 2680 5045 illam
2694 4980 2759 5043 ad
2773 4980 2962 5042 'vic'inas
2986 4991 3188 5055 paludes
3203 4988 3342 5037 fuisse
3357 4980 3538 5032 delatam
3555 4980 3662 5032 Iul“

2276 5060 2576 5109 «merere.»
2607 5066 2854 5122 COQU-‘EUS-
2910 5118 2920 5122 _
3173 5111 3184 5122 .
3302 5107 3330 5122 ..

2334 5099 3537 5198 Ξῗιέιέέξέἷῲάῖἔξέῖξπλοέίξςξςίνε,
3558 5099 3669 5198 .1"...
3686 5149 3716 5190 ei

2331 5187 2353 5216 ¹
2386 5163 2766 5233 ἔὶῖἶτίὶιῖΓΧιὴΫ
2788 5163 3185 5240 afﬁrmauit
3213 5184 3314 5223 cum
3353 5163 3538 5216 Eusebio.
3558 5163 3598 5204 At
3621 5163 3669 5198 ιτ-

2269 5253 2400 5305 Lov.,
2429 5244 2682 5295 Mnestheo.

2335 5291 2655 5368 ivi-individui:
2676 5313 2726 5355 et
2744 5305 3064 5368 aliquotuss.,
3097 5309 3276 5368 Among,
3299 5293 3386 5350 vel,
3404 5291 3563 5338 .maﬂt.
3613 5301 3622 5314 ·

2333 5369 2356 5451 ξ
2390 5379 2510 5451 Af“;
2541 5367 2762 5451 Ρθίαέζῖ¹⁸ο
2789 5360 2964 5451 “figit?
2988 5360 3408 5451 Μεδέίξὰίζίιῗξκηιή
3424 5403 3610 5451 meum
3631 5400 3709 5441 Μ’

2333 5433 2355 5497 ει
2389 5403 2523 5482 taxa.
2541 5403 2770 5497 13:13:;
2791 5403 3610 5497 iratist:saviiiiaigrﬁz“

2269 5473 2771 5556 thiim'tiultov.‘
2802 5473 3169 5551 gendum,
3207 5485 3280 5533 ubi
3312 5473 3703 5562 lvlel'iqlle‘ﬂﬁ“;

2282 5571 2379 5576 --ψη
2403 5571 2414 5576 -
2445 5565 2488 5576 λι
2533 5555 2745 5576 ---ηηιιε
2806 5562 3032 5576 ο,....--,....
3092 5555 3292 5576 omnium
3323 5544 3435 5576 unm!
3453 5529 3610 5576 OHdiusi
3654 5569 3691 5576 _-

2271 5535 2524 5614 et”
2532 5535 2770 5611 nonnulli:
2801 5535 3066 5602 sonticum."
3080 5535 3293 5620 ﬁsa-rictum
3312 5535 3435 5620 vocat
3453 5535 3702 5635 Otium?

2273 5619 2319 5635 ι..
2385 5620 2412 5635 η
2613 5618 2702 5635 mn
2746 5616 2837 5635 ano
2948 5613 3163 5635 ............:
3188 5609 3247 5635 Li.
3288 5606 3303 5635 ι
3333 5603 3566 5635 i...m..caiv.
3680 5630 3685 5635 .

2271 5603 2585 5678 Ῑίῦἶόίῦειὲέῖ
2600 5603 2722 5677 ΞΠ,
2746 5603 2855 5666 eis.
2876 5623 2922 5678 lu
2948 5613 3165 5678 lactantii
3188 5606 3304 5678 lib._l
3330 5603 3473 5678 ostii?
3487 5603 3572 5678 {alii}

2271 5650 2698 5745 itgat'dr‘féiaﬁii.
2708 5650 2777 5745 ἰιῖ
2786 5650 3262 5742 ’(ῖὺἑὲεἰῖξνᾶιῖἑιῖεῖ
3272 5650 3468 5716 iactanti
3487 5650 3548 5702 edi

2273 5742 2363 5797 ves
2383 5755 2588 5808 Sangam
2611 5742 2827 5808 legebat.

2339 5808 2360 5841 ⁸
2391 5803 2635 5861 sichostri
2656 5803 2868 5857 codices.
2892 5809 2943 5853 ω
2964 5807 3034 5861 Β..
3058 5803 3163 5850 Aut.
3221 5803 3269 5844 υ.
