3882 6396
84 365 209 420 57⁸)

85 497 226 535 rum
253 488 431 534 autem
468 475 719 530 vicesimo
742 481 795 527 et
822 484 963 525 nono
988 470 1136 525 Oneo
1165 476 1218 523 et
1240 468 1503 523 Melantho
1521 469 1683 523 Athe-

90 574 233 626 nien
277 572 413 625 sium
451 580 601 623 sexto
644 562 1071 622 decimo..ludice
1118 571 1292 615 autem
1344 561 1685 615 llebneorum

91 664 227 717 Heli
256 661 557 725 sacerdote,
575 673 794 727 regnum
813 654 1177 725 SicyOniorum
1196 662 1562 721 consumptum
1583 660 1683 717 est,

90 755 254 824 quod
286 770 378 824 per
397 766 563 807 annos
585 757 877 819 nongentos
901 745 1275 816 quinquaginta
1293 753 1348 799 et
1366 758 1554 798 novem
1583 753 1690 797 tra-

91 847 255 898 ditur
286 844 446 899 fuisse
474 849 793 911 porrectum.

91 936 338 993 CAPUT
365 931 638 990 XX.—De
657 930 965 985 successione
984 928 1174 983 ordinis
1188 928 1311 997 regii
1326 926 1461 996 apud
1477 925 1689 979 Israeli-

518 1036 597 1079 tas
629 1034 737 1094 post
761 1023 1024 1075 Juidcium
1049 1031 1291 1089 tempora.

180 1117 306 1171 Mox
332 1118 529 1171 eisdem
558 1131 653 1184 per
672 1116 786 1168 loca
823 1121 1113 1166 memorata
1142 1110 1499 1180 regnantibus,
1525 1109 1693 1163 Israe-

94 1208 331 1261 litarum
370 1221 627 1276 regnum,
678 1204 825 1257 finito
873 1212 1111 1271 tempore
1157 1201 1436 1264 Judicum,
1472 1216 1502 1253 a
1532 1200 1693 1254 Saﬁle

95 1313 240 1367 rege
286 1300 509 1366 sumpsit
548 1294 822 1350 exordium
859 1309 1004 1362 :quo
1052 1301 1289 1361 tempore
1345 1291 1441 1345 fuit
1478 1291 1691 1345 Samuel

93 1390 397 1458 propheta.
429 1389 511 1441 Ab
538 1388 631 1441 illo
660 1388 819 1456 igitur
847 1395 1085 1453 tempore
1112 1383 1167 1436 hi
1192 1398 1342 1453 reges
1386 1382 1692 1435 Latinorum

97 1497 234 1535 esse
285 1491 591 1551 creperum,
640 1494 773 1549 quos
819 1478 1228 1549 cogominabant
1267 1477 1460 1531 Silvios
1495 1475 1603 1530 :ab
1628 1490 1693 1529 eo

100 1572 310 1640 quippe
352 1572 439 1641 qui
487 1572 623 1625 filius
670 1571 852 1624 Ainem
897 1570 1098 1638 primus
1147 1570 1318 1623 dictus
1364 1578 1446 1623 est
1474 1568 1689 1635 Silvius,

101 1663 325 1717 czeteris
351 1663 649 1716 subsecutis
673 1671 727 1716 et
768 1661 983 1730 propria
1017 1660 1231 1713 nomina
1262 1661 1690 1730 imponebantur,

104 1763 163 1805 et
195 1754 303 1807 hoc
322 1769 425 1807 non
456 1752 625 1807 defuit
663 1761 1100 1821 cognomentum;
1132 1752 1268 1804 sicut
1311 1751 1468 1819 longe
1512 1758 1694 1818 postea

102 1842 358 1897 Caesares
397 1843 749 1911 cognominati
794 1852 936 1907 sunt,
963 1841 1053 1911 qui
1096 1851 1465 1895 successerunt
1499 1839 1694 1893 Caesari

106 1935 371 2001 Augusto.
400 1934 701 2003 Reprohato
717 1945 890 1987 autem
912 1932 1090 1999 Saule,
1111 1948 1175 1986 ne
1200 1932 1475 2001 quisquam
1498 1947 1559 1985 ex
1581 1930 1696 2000 ejus

102 2028 284 2096 stirpe
314 2037 576 2096 regnaret,
607 2041 777 2095 eoque
824 2027 1093 2092 defuncto,
1139 2026 1301 2079 David
1353 2024 1612 2079 successit
1641 2024 1696 2077 in

105 2134 339 2187 regnum
363 2126 480 2187 post
512 2134 681 2172 annos
705 2133 735 2171 a
761 2118 933 2171 Saulis
974 2116 1196 2185 imperio
1220 2116 1565 2185 quadraginta
1598 2115 1694 2183 (a).

106 2209 265 2262 Tunc
311 2210 663 2263 Athenienses
705 2210 901 2263 habere
942 2208 1133 2263 deinde
1183 2224 1334 2277 reges
1374 2218 1493 2277 post
1536 2206 1697 2261 Codri

110 2299 389 2354 interitum
412 2299 743 2362 destiterunt,
760 2307 816 2352 et
841 2300 1177 2365 magistratus
1204 2298 1399 2351 habere
1424 2305 1700 2366 coeperunt

110 2389 550 2444 administrandae
586 2390 892 2459 reipublicae
918 2389 1011 2460 (b).
1041 2389 1165 2442 Post
1196 2389 1379 2453 David,
1420 2389 1508 2457 qui
1538 2388 1697 2441 etiam

111 2482 231 2550 ipse
250 2482 597 2551 quadraginta
638 2482 876 2551 regnavit
912 2495 1102 2545 annos,
1130 2480 1268 2533 lilins
1307 2480 1421 2547 ejus
1447 2479 1697 2533 Salomon

110 2588 208 2625 rex
230 2572 583 2626 lsraelitarum
609 2571 736 2636 fuit,
770 2572 857 2642 qui
881 2570 1132 2638 templum
1151 2570 1277 2623 illud
1310 2570 1695 2623 nobilissimum

111 2664 206 2717 Dei
235 2662 739 2734 Jerosolymitanum
782 2662 1037 2716 condidit.
1073 2661 1237 2728 Cujus
1278 2669 1517 2729 tempore
1559 2660 1698 2727 apud

109 2753 334 2809 Latinos
358 2755 567 2807 condita
595 2762 675 2807 est
699 2752 851 2815 Alba,
881 2768 945 2805 ex
973 2765 1074 2820 qua
1115 2751 1366 2819 deinceps
1404 2764 1507 2803 non
1551 2748 1695 2802 Lati-

107 2864 333 2914 norum,
376 2848 468 2901 sed
518 2847 841 2900 Albanorum
895 2859 1046 2913 reges
1084 2843 1359 2912 appellari,
1412 2844 1465 2895 in
1507 2842 1697 2895 eodem

109 2948 294 2991 tamen
322 2938 489 3001 Latio,
513 2946 806 3005 cmperunt.
833 2936 1105 2989 Salomoni
1132 2934 1388 2987 successit
1415 2934 1556 2987 ﬁlius
1581 2933 1695 3002 ejus

106 3029 379 3094 Roboam,
411 3029 509 3083 sub
532 3044 635 3098 quo
664 3030 714 3082 in
753 3028 857 3082 duo
894 3043 1053 3097 regna
1095 3027 1319 3095 populus
1366 3026 1455 3080 ille
1499 3025 1700 3079 divisus

106 3130 218 3185 est,
250 3130 306 3174 et
352 3120 572 3190 singulae
612 3130 790 3189 partes
836 3134 963 3174 suos
1019 3118 1254 3188 singulos
1302 3131 1456 3187 reges
1502 3115 1699 3171 habere

106 3221 420 3279 ceperunt.

105 3300 344 3357 CAPUT
382 3300 523 3356 XXI.
573 3330 643 3341 —
679 3301 758 3355 De
792 3302 991 3372 regibus
1028 3300 1199 3367 Latii,
1253 3315 1465 3368 quorum
1504 3300 1697 3369 primus

241 3388 458 3459 Encas,
491 3401 536 3444 et
563 3391 881 3444 duodecimus
904 3392 1176 3444 Aventinus
1196 3389 1268 3441 dii
1293 3389 1413 3458 facti
1441 3399 1575 3441 sunt.

189 3484 398 3537 Latium
426 3493 543 3553 post
572 3482 819 3543 jEneam,
851 3498 1006 3552 quem
1032 3481 1189 3535 deum
1233 3480 1488 3546 fecerant,
1536 3478 1701 3534 unde-

106 3578 221 3630 cim
267 3591 419 3646 reges
464 3576 667 3639 habuit,
716 3590 939 3644 quorum
987 3574 1161 3627 nullus
1208 3573 1340 3627 deus
1381 3571 1554 3627 factus
1595 3580 1697 3626 est.

108 3666 413 3719 Aventinus
438 3675 614 3719 autem
642 3666 728 3735 qui
753 3664 1068 3717 duodecimo
1097 3663 1214 3716 loco
1246 3662 1470 3716 IEneam
1519 3663 1697 3730 sequi-

107 3765 223 3821 tur,
258 3770 377 3810 cum
405 3763 549 3809 esset
591 3764 885 3823 prostratus
917 3754 969 3807 in
1000 3753 1161 3819 bello,
1191 3765 1243 3807 et
1274 3754 1512 3822 sepultus
1554 3753 1605 3805 in
1632 3767 1699 3806 eo

111 3857 341 3915 monte,
388 3848 478 3918 qui
517 3848 675 3901 etiam
719 3861 857 3900 nunc
899 3846 1275 3915 ejus.nomine
1321 3853 1693 3913 nuncupatur,

109 3940 339 3993 deorum
381 3940 585 4005 talium,
632 3938 817 4007 quales
858 3938 955 3990 sibi
1001 3936 1297 4001 faciebant,
1349 3950 1572 3989 numero
1616 3942 1700 3990 est

106 4028 348 4082 additus.
376 4030 476 4082 Alii
504 4044 631 4082 sane
658 4029 941 4081 noluerunt
967 4042 1087 4081 eum
1131 4029 1183 4080 in
1231 4026 1418 4095 praelio
1462 4025 1697 4080 scribere

106 4122 373 4185 occisum,
404 4120 496 4175 sed
524 4136 627 4174 non
658 4120 1019 4191 comparuisse
1047 4120 1295 4173 dixerunt
1328 4137 1340 4172 :
1372 4118 1465 4172 sed
1492 4134 1590 4172 nec
1628 4134 1695 4173 ex

106 4215 233 4282 ejus
277 4214 532 4267 vocabulo
557 4214 875 4281 appellatum
925 4220 1183 4273 montem,
1214 4210 1308 4264 sed
1354 4225 1419 4263 ex
1464 4210 1693 4263 adventu

107 4306 293 4358 avium
316 4304 512 4358 dictum
545 4305 864 4358 Aventinum
894 4302 985 4373 (ε).
1015 4302 1144 4380 Post
1169 4301 1309 4355 hunc
1338 4316 1444 4355 non
1470 4308 1553 4354 est
1566 4299 1695 4353 deus

110 4398 292 4452 factus
320 4397 371 4451 in
398 4397 570 4460 Latio,
600 4397 698 4450 nisi
726 4396 981 4463 Romulus
1027 4394 1270 4448 conditor
1315 4392 1518 4447 Romzn.
1556 4391 1697 4446 lnter

108 4490 276 4543 istum
307 4498 484 4541 autem
503 4497 554 4540 et
586 4487 733 4540 illum
766 4502 915 4555 reges
933 4486 1277 4554 reperiuntur
1292 4485 1396 4537 duo
1423 4502 1434 4536 :
1470 4498 1693 4552 quorum

108 4579 322 4648 primus
336 4589 447 4639 'est.
474 4588 531 4631 ut
559 4578 843 4647 Virgiliano
868 4592 988 4629 eum
1016 4590 1172 4629 versu
1193 4575 1463 4643 eloquar“,

240 4671 485 4718 Proximus
505 4666 589 4717 ille
612 4676 796 4736 Procas,
814 4668 1033 4736 Troianae
1046 4666 1197 4736 gloria
1220 4667 1398 4736 gentis;

752 4727 958 4790 (ιιΕιιείιλ.
982 4727 1070 4777 libi
1089 4728 1137 4788 6,
1162 4727 1283 4777 vers.
1310 4727 1445 4788 767.)

112 4814 279 4883 Cujus
324 4824 559 4883 tempore
591 4812 712 4882 quia
746 4813 855 4881 jam
891 4810 1281 4880 quodammodo
1312 4811 1477 4864 Roma
1511 4819 1690 4878 partu.

109 4909 384 4970 riebatur,
416 4907 541 4960 illud
570 4907 804 4961 omnium
832 4920 1113 4974 regnorum
1137 4904 1422 4957 maximum
1451 4903 1695 4973 Assyrio-

110 5014 233 5052 rum
280 4997 438 5051 finem
486 5006 645 5051 tanta:
692 4997 1051 5051 diuturnitatis
1102 4998 1324 5064 accepit.
1383 4996 1461 5049 Ad
1513 4996 1691 5050 Medos

111 5091 310 5159 quippe
338 5091 645 5142 translatum
674 5098 754 5143 est
778 5099 896 5158 post
924 5103 1091 5143 annos
1129 5089 1295 5142 ferme
1321 5089 1464 5143 mille
1486 5097 1695 5143 trecen-

114 5187 195 5231 tos
227 5180 478 5248 quinque,
508 5189 563 5233 ut
591 5181 747 5234 etiam
778 5181 907 5245 Beli,
935 5186 1023 5249 qui
1048 5180 1233 5233 Ninum
1256 5180 1476 5249 genuit,
1506 5189 1561 5233 et
1586 5179 1694 5234 illic

114 5284 281 5337 parvo
328 5278 608 5324 contentus
658 5271 879 5340 imperio
920 5272 1123 5340 primus
1162 5288 1254 5325 rex
1284 5271 1412 5336 fuit,
1452 5281 1690 5340 tempora

112 5370 504 5429 computentur.
538 5361 732 5416 Procas
771 5370 945 5414 autem
973 5363 1211 5430 regnavit
1238 5372 1360 5415 ante
1403 5364 1689 5417 Amulium.

180 5459 197 5485 ⁸
234 5454 305 5502 sic
328 5454 477 5502 nostri
498 5465 668 5501 omnes
688 5459 792 5501 Mss.
821 5459 868 5501 In
899 5460 966 5511 8.,
995 5452 1178 5512 loquar,
1202 5455 1358 5501 minus
1380 5461 1535 5503 recte.
1604 5462 1658 5503 Μ.

176 5514 251 5576 (a)
276 5523 362 5563 Tol.
380 5517 513 5577 enim
535 5518 672 5564 annis
716 5516 940 5577 regnavit
975 5514 1082 5563 Sail]
1126 5528 1189 5563 ex
1223 5517 1370 5563 sacris
1413 5516 1624 5575 Litteris,
1656 5521 1692 5564 lt

113 5583 232 5637 Reg.
260 5590 310 5633 ιι,
339 5576 414 5633 10,
442 5585 493 5625 et
516 5576 828 5639 exJosejvho.
869 5576 1153 5637 Eupolemus
1188 5590 1320 5634 vero,
1357 5578 1439 5639 qui
1464 5584 1692 5625 Hebraeo-

111 5651 224 5688 rum
246 5638 529 5700 conscripsit
552 5638 814 5698 historiam,
859 5646 1039 5686 tantum
1078 5639 1244 5699 viginti
1273 5646 1322 5685 et
1356 5638 1501 5685 unum
1539 5642 1688 5699 ponit.

110 5705 225 5749 wn.
248 5707 401 5748 VIVBS.

199 5760 250 5823 ὁ)
274 5768 455 5823 Nempe
478 5762 759 5810 Archontes.
858 5768 910 5809 Μ.

202 5819 251 5884 ο)
277 5822 375 5871 \id.
391 5819 675 5882 Varronem,
689 5823 755 5872 de
778 5823 956 5884 Lingua
977 5820 1141 5881 latina,
1164 5819 1248 5869 lib.
1274 5822 1321 5880 5,
1347 5823 1369 5884 §
1393 5823 1467 5871 45.

1309 353 1508 411 LIBER
1547 352 1839 411 DECIMUS
1873 354 2202 411 OCTAVUS.

3257 362 3362 419 578

1794 469 1959 523 Porro
2006 470 2243 523 Amulius
2294 468 2469 524 fratris
2510 470 2589 525 sui
2636 470 2923 527 Numitoris
2958 472 3118 530 ﬁliam
3156 475 3360 532 Rheam

1792 562 2037 627 nomine,
2079 578 2198 631 qua:
2226 562 2384 616 etiam
2410 561 2500 616 Ilia
2530 564 2847 630 vocabatur,
2878 564 3087 620 Romuli
3113 577 3359 635 matrem,

1791 650 2057 706 Vestalem
2100 653 2354 721 virginem
2403 652 2635 721 fecerat,
2688 671 2843 725 quam
2882 656 3064 711 volunt
3090 658 3157 713 de
3197 660 3362 715 Marte

1790 746 2028 813 geminos
2052 748 2359 813 concepisse
2382 788 2397 813 ,
2445 746 2544 801 isto
2573 747 2730 801 modo
2756 758 3020 817 struprum
3046 752 3161 818 ejus
3190 752 3361 807 hono-

1794 844 1970 889 rantes
1992 877 2006 901 ,
2049 837 2130 889 vel
2156 845 2507 903 excusantes,
2544 845 2600 892 et
2634 838 2945 893 adhibentes
2970 853 3359 911 argumentum,

1792 928 1931 995 quod
1976 928 2208 983 infantes
2244 930 2514 998 expositos
2561 930 2679 999 lupa
2720 932 3019 987 nutriverit.
3074 934 3183 988 Hoc
3218 936 3359 988 enim

1792 1035 1958 1090 genus
1989 1021 2169 1075 bestia:
2198 1023 2265 1076 ad
2291 1022 2506 1076 Martem
2533 1024 2837 1078 existimant
2873 1020 3138 1094 pertinere
3159 1069 3171 1091 ,
3208 1036 3263 1081 ut
3288 1029 3365 1081 vi-

1793 1110 1985 1165 delicet
2027 1112 2147 1166 ideo
2183 1112 2303 1181 lupa
2330 1113 2577 1168 credatur
2600 1114 2899 1168 admovisse
2925 1117 3081 1171 ubera
3110 1120 3359 1186 parvulis,

1794 1202 1914 1270 quia
1960 1202 2095 1256 filios
2138 1203 2337 1258 domini
2374 1205 2455 1258 sui
2482 1204 2663 1259 Martis
2692 1207 2903 1275 agnovit
2934 1225 2948 1260 :
2990 1211 3228 1277 quamvis
3256 1226 3361 1265 non

1794 1292 1970 1345 desint
1996 1294 2081 1362 qui
2110 1293 2326 1360 dicant,
2375 1310 2493 1349 cum
2532 1296 2757 1364 expositi
2797 1297 3063 1366 vagientes
3101 1302 3361 1368 jacerent,

1795 1397 1826 1436 a
1852 1383 2030 1437 nescio
2069 1399 2170 1453 qua
2212 1385 2435 1453 primum
2480 1388 2757 1442 meretrice
2800 1388 2962 1441 fuisse
2992 1390 3245 1444 collectos
3267 1432 3281 1454 ,
3313 1401 3365 1445 et

1796 1475 1992 1542 primas
2020 1474 2135 1543 ejus
2155 1477 2360 1530 suxisse
2381 1478 2638 1531 mamillas
2660 1477 2988 1548 (meretrices
3011 1491 3184 1534 autem
3216 1482 3363 1551 lupas

1796 1566 2088 1631 vocabant,
2132 1566 2272 1621 unde
2294 1568 2453 1621 etiam
2495 1582 2634 1622 nunc
2664 1570 2833 1637 turpia
2860 1570 2973 1624 loca
2999 1585 3180 1624 earum
3213 1571 3366 1639 lupa-

1798 1656 1945 1709 naria
1976 1657 2389 1727 nuncupantur),
2419 1666 2474 1712 et
2497 1672 2590 1713 eos
2618 1668 2798 1727 postea
2825 1660 2891 1714 ad
2916 1660 3221 1715 Faustulum
3245 1677 3365 1730 per-

1799 1746 2011 1801 venisse
2043 1758 2330 1816 pastorem,
2360 1760 2516 1816 atque
2541 1750 2607 1803 ab
2634 1750 2745 1819 ejus
2764 1752 2898 1804 Acca
2920 1766 3085 1806 uxore
3118 1754 3363 1807 nutritos.

1798 1838 2126 1909 Quamquam
2155 1842 2198 1895 si
2225 1841 2289 1895 ad
2312 1842 2635 1911 arguendum
2659 1844 2920 1897 hominem
2948 1859 3145 1913 regem,
3162 1845 3249 1913 qui
3273 1858 3368 1899 eos

1804 1934 1861 1987 in
1893 1950 2081 2003 aquam
2113 1935 2296 2004 projici
2324 1936 2609 1991 crudeliter
2649 1935 2917 2004 jusserat,
2962 1938 3040 1991 eis
3084 1938 3369 1992 infantibus

1801 2038 1893 2092 per
1917 2040 2050 2092 quos
2080 2035 2223 2079 tanta
2255 2027 2438 2080 civitas
2464 2026 2735 2081 condenda
2766 2026 2957 2093 fuerat,
2986 2028 3053 2082 de
3077 2044 3211 2098 aqua
3239 2028 3369 2083 divi-

1801 2115 1941 2168 nitus
1968 2115 2235 2182 liberatis,
2268 2132 2359 2184 per
2379 2116 2659 2171 laetantem
2686 2117 2853 2173 feram
2885 2119 3023 2173 Deus
3051 2120 3216 2173 voluit
3240 2120 3368 2174 sub-

1799 2208 1999 2270 venire,
2030 2207 2153 2275 quid
2181 2208 2371 2261 mirum
2398 2208 2524 2262 est?
2551 2210 2763 2263 Amulio
2787 2210 3042 2264 successit
3068 2211 3119 2264 in
3146 2226 3366 2280 regnum

1801 2298 1999 2352 Latiale
2025 2298 2185 2352 frater
2209 2299 2325 2367 ejus
2354 2299 2627 2365 Numitor,
2649 2316 2778 2355 avus
2809 2301 3015 2354 Romuli
3037 2344 3051 2367 ,
3080 2302 3231 2371 cujus
3260 2302 3367 2355 Nu-

1800 2381 2005 2443 mitoiis
2042 2391 2212 2459 primo
2238 2405 2378 2444 anno
2419 2391 2628 2445 condita
2672 2399 2755 2445 est
2793 2391 2999 2456 Roma;
3046 2407 3109 2445 ac
3150 2409 3243 2461 per
3269 2392 3370 2448 hoc

1799 2493 1919 2533 cum
1946 2494 2041 2531 suo
2071 2480 2322 2547 deinceps
2340 2522 2355 2543 ,
2389 2480 2440 2533 id
2464 2491 2545 2535 est
2572 2481 2817 2542 Romulo,
2853 2490 3044 2550 nepote
3070 2484 3328 2551 regnavit.

1799 2570 2025 2623 CAPUT
2051 2569 2215 2623 XXII.
2244 2600 2314 2609 —
2356 2570 2503 2636 Quod
2532 2588 2587 2625 eo
2618 2581 2838 2642 tempore
2872 2572 3035 2626 Roma
3056 2575 3119 2627 sit
3142 2574 3363 2640 condita,

1872 2678 1969 2730 quo
2002 2678 2207 2731 regnum
2238 2662 2558 2732 Assyriorum
2599 2664 2883 2728 intercidit,
2923 2673 2971 2718 et
2997 2681 3095 2735 quo
3123 2664 3369 2720 Ezechias

1869 2754 2109 2822 regnabat
2132 2756 2183 2806 in
2204 2751 2345 2806 Iuda
2369 2755 2405 2806 ⁸.

1872 2842 1946 2897 Ne
1978 2844 2156 2897 multis
2187 2858 2362 2898 morer
2386 2885 2399 2909 ,
2437 2844 2647 2900 condita
2673 2854 2753 2900 est
2780 2848 2963 2901 civitas
2983 2847 3149 2902 Roma
3171 2890 3186 2915 ,
3229 2848 3373 2905 velut

1801 2936 1965 2989 altera
2000 2936 2235 3007 Babylon
2261 2978 2275 3000 ,
2328 2948 2381 2991 et
2419 2938 2562 2991 velut
2598 2940 2788 3007 prioris
2815 2940 2917 2992 lilia
2945 2940 3247 3010 Babylonis,
3280 2957 3373 3010 per

1801 3044 1956 3097 quam
1989 3029 2095 3082 Deo
2133 3030 2326 3098 placuit
2366 3030 2547 3083 orbem
2588 3030 2856 3085 debellare
2901 3040 3157 3085 terrarum
3185 3074 3198 3095 ,
3240 3034 3372 3087 etin

1801 3133 1960 3171 unatn
2012 3120 2323 3173 societatem
2375 3120 2678 3189 reipublicae
2733 3122 3010 3191 legumque
3060 3123 3370 3192 perductum

1804 3209 1957 3279 longe
1986 3210 2194 3278 lateque
2223 3225 2431 3279 pacare.
2450 3212 2609 3265 Erant
2634 3215 2773 3267 enim
2796 3214 2904 3282 jam
2930 3216 3105 3283 populi
3135 3216 3289 3270 validi
3318 3225 3371 3271 et

1801 3302 2001 3368 fortes,
2048 3311 2101 3357 et
2130 3304 2292 3357 armis
2317 3313 2503 3373 gentes
2530 3304 2863 3372 exercitate,
2905 3322 3023 3375 qua:
3069 3323 3173 3361 non
3216 3308 3371 3363 facile

1800 3396 2088 3461 cederent,
2131 3405 2185 3451 et
2209 3412 2340 3467 quas
2374 3412 2506 3465 opus
2531 3406 2673 3452 esset
2709 3398 3007 3467 ingentibus
3045 3400 3293 3467 periculis
3320 3408 3374 3455 et

1800 3492 2093 3545 vastatione
2117 3492 2381 3560 utrimque
2410 3506 2516 3545 non
2540 3506 2698 3560 parva
2724 3502 2881 3561 atque
2910 3492 3173 3547 horrendo
3194 3492 3374 3548 labore

1802 3582 2059 3652 superari.
2116 3582 2247 3636 Nam
2303 3582 2513 3651 quando
2559 3597 2776 3652 regnum
2830 3584 3165 3653 Assyriorum
3211 3591 3372 3635 totam

1802 3689 1938 3743 pene
1963 3675 2143 3729 Asiam
2173 3674 2495 3744 subjugavit,
2519 3674 2640 3728 licet
2667 3673 2910 3728 bellando
2938 3675 3007 3727 sit
3028 3674 3244 3738 factum,
3266 3689 3372 3728 non

1803 3774 1978 3820 tamen
2006 3766 2229 3820 multum
2260 3765 2465 3835 asperis
2500 3775 2555 3819 et
2603 3762 2906 3819 difficilibus
2942 3764 3092 3819 bellis
3131 3763 3247 3819 fieri
3273 3779 3370 3833 po-

1803 3856 1933 3922 tuit,
1978 3857 2098 3927 quia
2128 3856 2285 3910 rudes
2309 3856 2483 3911 adhuc
2509 3855 2575 3910 ad
2611 3855 2962 3911 resistendum
2988 3863 3173 3925 gentes
3198 3864 3370 3921 erant,

1802 3962 1901 4002 nec
1926 3955 2030 4001 tam
2072 3948 2269 4011 multae,
2296 3948 2379 4001 vel
2404 3957 2507 4000 tam
2534 3961 2737 4016 magna:
2769 3964 2781 3999 :
2815 3946 3075 4015 siquidem
3104 3955 3223 4015 post
3244 3945 3370 4000 illud

1800 4041 2095 4095 maximum
2133 4050 2292 4108 atque
2336 4039 2636 4093 universale
2679 4038 2934 4093 diluvium
2957 4078 2970 4101 ,
3016 4051 3137 4091 cum
3166 4037 3217 4091 in
3252 4052 3373 4091 arca

1798 4132 1911 4187 Noe
1947 4140 2067 4185 octo
2097 4132 2194 4185 soli
2223 4130 2464 4184 homines
2488 4138 2803 4194 evaserunt,
2842 4130 2967 4182 anni
3010 4144 3114 4182 non
3156 4128 3321 4181 multo
3353 4132 3372 4159 ⁸

1799 4223 2025 4291 amplius
2052 4236 2207 4289 quam
2230 4222 2375 4275 mille
2403 4220 2740 4281 transierant,
2770 4218 2982 4287 quando
2996 4218 3161 4272 Ninus
3187 4219 3370 4273 Asiam

1801 4321 2005 4375 totam,
2044 4320 2263 4379 excepta
2316 4310 2460 4365 lndia
2485 4351 2498 4375 ,
2556 4310 2871 4377 subjugavit.
2915 4308 3081 4361 Roma
3118 4321 3247 4362 vero
3294 4315 3373 4361 tot

1799 4414 1986 4473 gentes
2015 4412 2068 4457 et
2109 4403 2344 4457 Orientis
2369 4413 2424 4455 et
2463 4400 2761 4456 Occidentis
2783 4441 2797 4465 ,
2852 4413 2983 4469 quas
3014 4399 3234 4468 imperio
3262 4398 3372 4451 Ro.

1801 4511 1958 4550 mano
1986 4496 2221 4549 subditas
2265 4494 2560 4559 cernimus,
2593 4510 2697 4546 non
2728 4507 2789 4547 ea
2818 4493 3089 4547 celeritate
3116 4507 3178 4547 ac
3202 4492 3370 4546 facili-

1802 4594 1907 4639 tate
1937 4584 2274 4654 perdomuit;
2318 4584 2568 4652 quoniam
2610 4582 2860 4650 paulatim
2888 4582 3185 4637 crescendo
3212 4583 3370 4635 robu-

1799 4685 1909 4730 stas
1949 4691 2039 4730 eas
2084 4684 2136 4729 et
2184 4675 2498 4738 bellicosas,
2555 4686 2977 4742 quaquaversum
3032 4671 3366 4737 dilatabatur,

1800 4766 2019 4821 invenit.
2051 4766 2312 4834 Tempore
2340 4765 2497 4835 igitur
2521 4779 2626 4834 quo
2653 4764 2819 4817 Roma
2849 4762 3060 4817 condita
3081 4772 3184 4829 est,
3207 4778 3372 4832 popu-
3400 4788 3403 4791 ν

1766 4858 1880 4913 .lus
1929 4857 2088 4911 Israel
2131 4855 2359 4910 habebat
2400 4855 2451 4909 in
2498 4863 2636 4909 terra
2681 4853 3044 4922 promissionis
3083 4868 3253 4908 annos
3281 4868 3365 4908 se-
3400 4892 3403 4899 ι

1799 4950 2101 5018 ptingentos
2127 4947 2310 5000 decem
2337 4955 2391 4999 et
2429 4954 2568 4999 octo.
2618 4944 2695 4999 Ex
2727 4945 2916 5013 quibus
2945 4944 3128 5015 viginti
3163 4956 3365 5015 septem

1800 5040 2068 5109 pertinent
2091 5038 2154 5091 ad
2179 5037 2358 5092 Jesurn
2381 5036 2545 5101 Nave,
2577 5036 2767 5090 deinde
2796 5035 2861 5090 ad
2894 5046 3101 5105 tempus
3126 5036 3366 5091 Iudicum

1802 5130 2023 5184 trecenti
2050 5128 2231 5197 viginti
2266 5142 2477 5182 novem.
2527 5126 2610 5180 Ex
2638 5142 2742 5197 quo
2768 5135 2943 5181 autem
2970 5128 3040 5181 ibi
3067 5142 3220 5197 reges
3249 5140 3370 5182 esse

1799 5230 2101 5291 coeperant,
2130 5222 2253 5274 anni
2283 5229 2435 5275 erant
2461 5221 2683 5275 trecenti
2719 5220 2988 5290 sexaginta
3016 5219 3141 5274 duo.
3184 5220 3249 5273 Et
3276 5235 3370 5274 rex

1800 5323 1926 5368 tunc
1954 5321 2068 5368 erat
2117 5314 2168 5366 in
2213 5311 2382 5377 Juda,
2436 5312 2586 5382 cujus
2630 5326 2822 5367 nomen
2865 5320 2981 5367 erat
3022 5312 3230 5379 Achaz,
3262 5314 3366 5377 vel,

1795 5408 1937 5459 sicut
1956 5405 2043 5459 alii
2071 5412 2401 5473 computant,
2424 5403 2513 5473 qui
2537 5402 2587 5457 ei
2615 5403 2871 5457 successit
2896 5403 3171 5469 Ezechias,
3208 5418 3368 5472 quem

1797 5498 2009 5568 quidem
2039 5506 2247 5553 constat
2274 5496 2533 5566 optimum
2556 5504 2609 5549 et
2635 5496 2925 5564 piissimum
2946 5510 3123 5565 regem
3156 5495 3363 5549 Romuli

1798 5604 2049 5657 regnasse
2102 5588 2449 5658 temporibus.
2520 5586 2574 5639 In
2620 5600 2681 5640 ea
2726 5601 2853 5641 vero
2901 5586 3141 5640 Hebraici
3184 5586 3364 5654 pepuli

1858 5700 1874 5730 ί
1910 5697 2027 5746 Editi
2052 5698 2143 5757 hic,
2166 5694 2217 5747 in
2239 5695 2429 5746 Juda’a.
2452 5702 2509 5745 At
2534 5702 2660 5755 Mss,
2688 5694 2740 5745 in
2758 5694 2889 5745 Juda
2914 5706 2932 5745 .'
2954 5701 3008 5745 et
3032 5695 3103 5745 sic
3139 5696 3231 5758 ipsi
3249 5694 3372 5749 edit!

1794 5761 1843 5810 in
1868 5760 2086 5819 subjecto
2109 5761 2266 5819 capite
2285 5758 2361 5805 2:3.

1856 5824 1875 5852 ²
1909 5815 2012 5869 Sola
2046 5815 2192 5869 editio
2214 5826 2319 5867 ων.
2356 5819 2547 5879 omittit,
2569 5815 2732 5868 multo.
