3882 6396
549 344 655 401 583

548 460 811 517 Chaldaeis
857 467 910 513 et
949 458 1181 529 Assyriis
1220 457 1556 527 imperabat,
1589 459 1824 513 relaxata
1864 458 2132 527 aliquanta

550 553 853 624 captivitate
882 550 1207 614 Judaeurum,
1241 552 1620 620 quinquaginta
1656 552 1816 603 millia
1856 551 2133 603 hominum

552 660 616 699 ex
662 646 741 698 eis
780 644 845 697 ad
891 644 1293 698 instaurandum
1344 645 1598 713 templum
1646 643 1853 709 regredi
1883 642 2009 696 fecit
2035 642 2132 712 (a).

550 739 591 789 Α
633 735 823 804 quibus
859 742 1061 787 tantum
1108 735 1271 803 prima
1299 742 1472 801 empta
1502 732 1844 797 fundamina,
1875 742 1929 786 et
1970 733 2137 785 altare

546 835 911 882 constructum
941 836 1044 881 est.
1093 826 1491 881 Incursantibus
1522 833 1699 879 autem
1734 824 1994 887 hostibus,
2038 838 2132 877 ne-

550 934 811 990 quaquam
844 919 1090 989 progredi
1126 918 1442 973 :ediﬁcando
1476 919 1777 984 valuerunt,
1807 918 2135 985 dilatumque

552 1025 687 1077 opus
736 1019 818 1065 est
854 1026 1025 1080 usque
1052 1010 1115 1064 ad
1146 1009 1384 1063 Darium.
1436 1010 1537 1063 Per
1567 1010 1704 1063 idem
1738 1020 1947 1077 tempus
1975 1010 2133 1062 etiam

556 1102 639 1157 illa
694 1112 817 1156 sunt
863 1111 1032 1171 gesta,
1074 1118 1192 1171 qua:
1248 1102 1548 1171 conscripta
1600 1109 1721 1154 sunt
1761 1102 1810 1153 in
1860 1101 1994 1155 libro
2038 1098 2134 1153 Ju-

550 1193 663 1248 dith
700 1193 776 1265 (b)
808 1212 820 1245 :
858 1209 1015 1263 quem
1048 1209 1175 1247 sane
1214 1194 1267 1247 in
1294 1208 1497 1247 canone
1526 1192 1919 1261 Scripturarnm
1966 1190 2134 1244 Judazi

550 1302 656 1340 non
714 1289 979 1354 recepisse
1022 1285 1289 1339 dicuntur.
1340 1285 1449 1341 Sub
1475 1285 1631 1338 Dario
1663 1299 1792 1354 ergo
1830 1300 1951 1352 rege
2004 1282 2136 1337 Per-

551 1394 729 1433 sarum
792 1378 1021 1446 impletis
1067 1378 1401 1448 septuaginta
1457 1377 1654 1440 annis,
1706 1392 1839 1446 quos
1878 1376 2136 1431 Jeremias

551 1470 805 1539 propheta
838 1470 1160 1538 pra’dixerat
1186 1511 1201 1535 ,
1246 1469 1451 1522 reddita
1491 1478 1573 1521 est
1605 1466 1805 1521 .Indteis
1835 1468 2007 1521 Suluta
2047 1481 2137 1519 ea-

550 1563 791 1632 ptivitate
816 1562 1052 1627 libertas,
1081 1571 1338 1631 regnante
1362 1560 1723 1613 Romanorum
1752 1558 1980 1625 septimo
2012 1573 2136 1625 rege

548 1653 858 1722 Tarquinio.
910 1656 1027 1719 Quo
1056 1653 1280 1721 expulso
1309 1653 1469 1706 etiam
1502 1652 1599 1719 ipsi
1631 1666 1659 1703 a
1707 1666 1888 1718 regum
1918 1664 2135 1702 suorum

548 1746 907 1801 dominatione
931 1746 1083 1800 liberi
1112 1761 1232 1799 esse
1248 1754 1547 1814 cmperunt.
1576 1743 1756 1813 Usque
1776 1743 1843 1797 ad
1873 1742 1974 1797 hoc
2005 1753 2137 1797 tem-

549 1854 647 1908 pus
681 1838 972 1906 Pi-Ophetas
1000 1836 1185 1891 habuit
1216 1837 1441 1905 p0pulus
1467 1836 1628 1889 Israel
1657 1854 1669 1888 :
1710 1836 1798 1904 qui
1830 1850 1950 1888 cum
1986 1834 2136 1887 multi

551 1928 767 1993 fuerint,
796 1942 1083 1997 paucorum
1114 1936 1168 1981 et
1193 1926 1331 1995 apud
1358 1925 1572 1980 Judzeos
1601 1933 1657 1979 et
1676 1925 1816 1995 apud
1839 1940 1937 1978 nos
1967 1940 2133 1977 eano-
2172 1922 2178 1929 ’

548 2022 667 2075 nica
717 2022 913 2091 scripta
943 2022 959 2052 ¹
1001 2020 1317 2074 retinentur.
1350 2020 1424 2073 De
1454 2019 1649 2089 quibus
1676 2036 1760 2073 me
1786 2019 1960 2086 aliqua
1990 2018 2133 2088 posi-

547 2121 724 2167 turum
774 2128 894 2166 esse
934 2112 1154 2181 promisi
1197 2112 1249 2165 in
1293 2112 1395 2164 hoc
1441 2111 1611 2174 libro,
1656 2126 1776 2164 cum
1831 2109 2134 2163 clattdcrem

547 2206 901 2274 superiorem,
931 2204 1070 2274 quod
1096 2204 1205 2273 jam
1230 2202 1385 2257 video
1408 2218 1528 2256 esse
1559 2202 1880 2256 faciendum.

545 2320 772 2377 CAPUT
834 2319 1047 2375 XXVII.
1110 2350 1183 2361 —
1244 2320 1321 2374 De
1373 2319 1675 2389 temporibus
1740 2318 2133 2388 Prophetarum,

614 2431 825 2484 quorum
890 2413 1095 2467 oracula
1147 2413 1389 2465 habentur
1449 2413 1501 2464 in
1552 2412 1729 2473 libris;
1796 2412 1972 2479 quique
2021 2421 2137 2463 tunc

615 2508 677 2559 de
702 2507 957 2559 vocatione
987 2504 1219 2558 Gentium
1263 2506 1419 2557 multa
1447 2505 1765 2568 cecinerunt,
1798 2503 1998 2569 quando
2029 2500 2136 2554 Ro-

618 2614 824 2650 manum
853 2613 1061 2664 regnum
1086 2596 1253 2664 coepit,
1283 2595 1644 2665 Assyriumque
1668 2595 1867 2664 defecit.

615 2703 884 2781 Tempora.
927 2712 1084 2781 igitur
1125 2727 1310 2765 eorum
1341 2719 1396 2763 ut
1443 2709 1710 2779 possimus
1753 2709 2050 2775 advertere,
2082 2709 2131 2763 in

544 2808 815 2862 anteriora
856 2806 1130 2876 paululum
1161 2819 1520 2859 recurramus.
1556 2804 1609 2856 In
1652 2805 1825 2872 capite
1853 2804 1970 2856 libri
2000 2802 2136 2857 Osee

544 2901 841 2971 prephetzc,
870 2902 961 2969 qui
991 2898 1196 2967 primus
1223 2897 1273 2950 in
1304 2896 1587 2949 duodecim
1621 2897 1859 2967 ponitur,
1905 2899 1971 2948 ita
2002 2898 2133 2950 scri-

544 3002 690 3061 pttnn
721 3000 803 3043 est
837 3008 849 3043 :
894 2988 1109 3043 Verbum
1138 2987 1341 3041 Domini
1371 2988 1505 3053 quod
1522 2992 1711 3059 factum
1732 2999 1801 3041 cst
1832 2988 1898 3040 ad
1926 2988 2055 3042 Osee
2082 2990 2135 3042 in

542 3082 716 3135 diebus
750 3080 909 3147 Oziaz,
951 3090 996 3133 et
1032 3078 1279 3141 Joathan,
1312 3089 1355 3133 et
1382 3078 1553 3132 Achaz
1579 3120 1591 3144 ,
1621 3089 1666 3132 et
1695 3079 1927 3133 Ezechiaz
1963 3097 2134 3150 regum

540 3174 679 3228 Juda
706 3173 875 3245 (Osee
904 3189 942 3239 ι,
988 3174 1013 3228 1
1042 3177 1079 3242 ).
1115 3175 1280 3227 Amos
1332 3188 1545 3241 quoque
1590 3173 1777 3227 diebus
1823 3175 1964 3244 regis
1993 3177 2134 3228 ()zia:

543 3266 896 3339 pmphetasse
928 3282 988 3321 se
1014 3267 1200 3321 scribit
1231 3282 1242 3316 :
1274 3265 1423 3319 addit
1448 3265 1608 3319 etiam
1638 3266 1921 3321 Jerohoam
1952 3284 2132 3337 regem

544 3361 726 3426 Israel,
760 3362 849 3428 qui
876 3376 974 3431 per
1000 3357 1219 3414 eosdem
1260 3358 1377 3414 dies
1406 3356 1505 3415 fuit
1532 3356 1713 3431 (Amos
1742 3375 1780 3428 I,
1810 3361 1886 3435 I).
1916 3359 2135 3420 Necnon

541 3452 702 3508 Isaias
745 3454 883 3508 ﬁlius
923 3456 1123 3521 Amos,
1175 3456 1289 3509 sive
1328 3456 1625 3525 supradicti
1656 3460 1949 3527 propheue,
1998 3462 2125 3526 sive,

540 3544 681 3613 quod
733 3544 901 3615 magis
950 3544 1285 3613 perhibetur,
1343 3547 1563 3599 alterius
1587 3549 1675 3616 qui
1724 3564 1830 3601 non
1876 3550 2132 3618 propheta

540 3636 733 3692 eodem
781 3638 997 3691 nomine
1065 3638 1351 3691 vocabatur
1380 3679 1395 3703 ,
1435 3640 1653 3693 eosdem
1711 3656 1863 3709 reges
1909 3654 2133 3709 quatuor

539 3744 674 3799 quos
702 3730 876 3798 posuit
918 3729 1055 3782 Osee
1080 3770 1094 3794 ,
1140 3729 1190 3781 in
1219 3730 1391 3797 capite
1419 3729 1541 3783 libri
1591 3731 1673 3785 sui
1706 3732 1870 3800 ponit,
1904 3749 2131 3800 quorum

539 3819 727 3873 diebus
765 3834 823 3873 se
876 3819 1227 3888 prophetasse
1272 3819 1641 3890 praeloquitur.
1696 3823 1943 3878 Michzeas
1971 3828 2132 3881 etiam

538 3909 726 3965 eadem
778 3925 890 3963 suae
942 3911 1242 3979 prophetia:
1296 3923 1687 3967 commemorat
1740 3925 1978 3985 tempora
2016 3928 2137 3986 post

538 4002 653 4057 dies
695 4002 858 4057 Ozias.
891 4001 1024 4057 Nam
1053 4012 1160 4055 tres
1186 4003 1275 4072 qui
1326 4013 1627 4072 sequuntur
1674 4018 1827 4076 reges
1871 4009 2129 4073 nominat,

538 4110 672 4164 quos
694 4105 749 4150 et
782 4094 918 4150 Osee
949 4095 1265 4161 nominavit,
1291 4094 1521 4149 Joathan
1546 4138 1562 4163 ,
1594 4106 1648 4151 et
1680 4098 1881 4163 Achaz,
1910 4109 1965 4153 et
1991 4100 2131 4155 Eze-

540 4189 713 4244 chiam
759 4187 1017 4260 (Micth
1045 4204 1081 4252 ι,
1115 4188 1207 4257 1).
1257 4187 1322 4241 Hi
1352 4198 1476 4242 sunt
1511 4204 1646 4259 quos
1671 4190 1859 4244 eodem
1896 4203 2134 4261 tempore

540 4284 697 4339 simul
749 4283 1099 4353 prophetasse
1143 4300 1209 4337 ex
1237 4299 1422 4338 eorum
1452 4284 1644 4338 litteris
1694 4286 1983 4340 invenitur.
2042 4287 2133 4341 llis

539 4380 842 4449 adjungitnr
884 4378 1045 4433 Joms
1073 4376 1261 4431 eodem
1296 4378 1423 4431 Ozia
1450 4393 1574 4448 rege
1614 4389 1889 4447 regnante,
1934 4387 1990 4434 et
2019 4380 2130 4434 loel

540 4488 660 4525 cum
700 4472 810 4539 jam
855 4477 1102 4537 regnarat
1128 4468 1387 4535 Joathan,
1430 4469 1519 4538 qui
1551 4470 1805 4523 successit
1832 4469 1995 4525 Ozias.
2028 4471 2133 4525 Sed

541 4562 760 4615 istorum
802 4562 1181 4629 prophetarum
1220 4559 1445 4613 duorum
1474 4567 1711 4628 tempora
1740 4562 1791 4613 in
1831 4560 2154 4628 Chronicis,-

538 4668 645 4707 non
689 4653 740 4705 in
782 4668 965 4706 eorum
1001 4651 1147 4704 libris
1176 4650 1447 4720 potuimus
1489 4650 1749 4717 invenire,
1789 4652 2040 4720 quoniam
2064 4652 2134 4709 de

539 4748 650 4799 suis
676 4745 863 4799 diebus
905 4754 1100 4799 tacent.
1148 4744 1461 4798 Tenduntur
1488 4756 1662 4797 autem
1710 4744 1762 4798 hi
1794 4746 1908 4799 dies
1940 4762 1967 4799 a
2011 4763 2134 4816 rege

540 4838 849 4893 Latinorum
896 4839 1082 4899 Proca,
1128 4838 1240 4891 sive
1263 4838 1539 4906 superiore
1564 4839 1849 4904 Aventino,
1879 4855 2047 4908 usque
2066 4842 2132 4895 ad

540 4945 719 4999 regem
750 4931 1033 4983 Romulum
1058 4930 1166 4997 jam
1196 4929 1557 4983 Romanorum
1586 4931 1627 4993 ’,
1661 4930 1741 4981 vel
1778 4931 1935 4984 etiam
1968 4948 2135 5000 usque

540 5022 606 5076 ad
649 5023 795 5090 regni
828 5022 1113 5091 primordia
1140 5022 1465 5075 successoris
1490 5022 1606 5091 ejus
1633 5021 1819 5076 Numae
1850 5024 2090 5093 Pompilii
2118 5042 2130 5077 :

542 5114 799 5169 Ezechias
826 5116 1020 5184 quippe
1061 5129 1149 5167 rex
1181 5112 1316 5167 .Iuda
1343 5128 1408 5168 eo
1434 5130 1606 5183 usque
1636 5116 1907 5183 regnavit;
1944 5131 2005 5169 ac
2037 5132 2134 5185 per

545 5205 645 5259 hoc
677 5221 768 5274 per
796 5221 857 5259 ea
904 5217 1139 5273 tempore
1174 5205 1257 5258 isti
1288 5205 1432 5258 velut
1470 5204 1641 5259 fontes
1666 5206 1961 5275 prophetiae
1990 5208 2132 5274 pari-

544 5310 625 5355 ter
672 5309 983 5371 eruperunt,
1039 5298 1252 5368 quando
1314 5314 1533 5368 regnum
1582 5296 1777 5352 defecit
1831 5300 2130 5371 Assyrium,

606 5474 625 5504 ί
660 5470 847 5536 Aliquot
869 5479 994 5531 Mss,
1018 5470 1282 5536 Scriptura.

606 5537 626 5566 ³
662 5536 795 5595 Edlti,
822 5543 1097 5584 Romanum.
1134 5544 1188 5584 Al.
1214 5536 1263 5582 in
1288 5541 1412 5592 Mss.,
1443 5540 1771 5582 Romanorum.

605 5597 679 5669 (α)
702 5606 833 5645 Λιιυο
964 5605 1076 5646 aute
1099 5596 1335 5669 Christum
1355 5603 1518 5644 uatum
1539 5602 1685 5658 Cyrus
1709 5596 1867 5647 edicto
1890 5596 2067 5647 Judais
2083 5601 2133 5649 in

542 5660 746 5723 patriam
768 5660 979 5723 reditum
1005 5662 1258 5723 concessit.
1283 5665 1513 5723 Langen.

606 5719 679 5782 (ὁ)
700 5728 843 5769 Gesta
876 5721 1034 5769 Judith
1058 5721 1115 5768 ad
1150 5734 1331 5769 annum
1362 5720 1593 5782 (Biante
1613 5719 1852 5770 Christum
1872 5720 2132 5773 referenda

546 5780 996 5891 $13WPOMVII
1020 5784 1374 5832 Moutt'auoouus
1392 5783 1442 5832 in
1463 5780 1588 5832 libro
1609 5784 1688 5832 cui
1712 5783 1899 5845 titulus,
1921 5783 2133 5835 Histoire

1605 340 1693 396 DE
1731 338 2055 396 CIVITATE
2098 336 2229 405 DEI,
2261 338 2318 394 S.
2363 338 2733 398 AUCUSTINI
3649 344 3723 403 εει

2247 456 2516 525 coepitque
2562 456 2860 511 Romanum
2896 472 2909 509 :
2941 463 2998 510 ut
3021 455 3226 509 scilicet
3249 442 3635 525 quemadmodum
3666 481 3713 520 re

2240 550 2327 617 gni
2357 550 2692 620 Assyriorum
2722 549 2893 618 primo
2921 558 3161 617 tempore
3189 550 3384 605 exstitit
3411 555 3647 619 Abraham.
3670 561 3729 615 cui

2243 642 2622 711 promissiones
2646 643 2995 711 apertissima:
3027 642 3217 697 ﬁerent
3244 643 3296 697 in
3334 645 3441 713 ejus
3481 650 3644 703 sentiae
3662 653 3728 708 he.

2243 732 2559 786 uedictionis
2586 730 2820 786 omnium
2851 734 3081 801 gentium
3116 751 3130 795 ;
3179 735 3247 787 ita
3276 736 3587 793 occidentalis
3608 742 3728 799 Babi-

2242 822 2379 875 lonis
2400 824 2637 887 exordio,
2659 839 2759 893 qua
2786 823 2958 877 fuerat
2974 822 3223 879 Christus
3244 826 3517 893 imperante
3532 804 3735 898 venturus,

2246 914 2299 967 in
2328 930 2434 983 quo
2479 915 2825 982 implerentur
2867 915 2956 968 illa
2985 917 3247 983 promissa
3276 918 3475 971 oracula
3514 918 3735 989 Propheta-

2242 1019 2381 1069 rum,
2426 1020 2531 1058 non
2580 1006 2752 1059 solum
2802 1006 3156 1075 loquentium,
3187 1023 3366 1061 verum
3400 1010 3540 1062 etiam
3566 1013 3738 1066 scriben-

2243 1097 2383 1150 tium
2430 1098 2481 1151 in
2520 1105 2681 1151 tanta:
2729 1098 2804 1152 rei
2847 1096 3035 1151 futurte
3083 1100 3439 1154 testimonium
3470 1103 3739 1159 Solverentur.

2241 1188 2376 1243 Cum
2401 1189 2541 1243 enim
2576 1189 2849 1260 propheta!
2877 1207 3145 1259 nunquam
3181 1192 3295 1246 fere
3329 1194 3592 1249 defuissent
3609 1200 3744 1265 populo

2242 1278 2423 1343 Israel,
2454 1296 2518 1336 ex
2542 1297 2646 1350 quo
2676 1282 2745 1336 ibi
2776 1298 2925 1352 reges
2952 1299 3070 1337 esse
3099 1294 3399 1353 cmperunt,
3440 1286 3487 1340 in
3525 1303 3745 1344 usum'un-

2243 1374 2518 1427 tummodo
2547 1390 2731 1429 eorum
2760 1374 2925 1435 fuere.
2961 1393 3063 1429 non
3086 1379 3332 1446 gentium
3366 1397 3377 1431 :
3412 1381 3597 1447 quando
3621 1394 3744 1436 autem

2241 1480 2302 1517 ea
2327 1465 2587 1534 scriptura
2631 1466 2961 1520 manifestius
2992 1467 3305 1536 pr0phetica
3332 1468 3647 1535 condebatur,
3669 1489 3748 1542 qua

2241 1558 2489 1627 gentibus
2528 1560 2845 1629 quandoque
2877 1560 3179 1628 prodesset,
3236 1571 3359 1615 tunc
3398 1564 3640 1629 Oportebat
3659 1566 3750 1618 inci.

2243 1660 2393 1717 peret
2422 1651 2465 1715 ⁸,
2490 1650 2701 1719 quando
2717 1651 3045 1705 condebatur
3073 1651 3195 1706 haec
3220 1653 3422 1718 civitas,
3452 1668 3555 1723 qn:e
3573 1656 3750 1723 gentibus

2244 1743 2549 1811 imperaret.

2242 1853 2466 1910 CAPUT
2506 1854 2741 1910 XXVIII.
2759 1885 2828 1896 —
2847 1854 2922 1908 De
2952 1857 3029 1909 his
3055 1873 3173 1925 qua
3202 1858 3272 1910 ad
3301 1856 3604 1929 Erangelium
3622 1859 3750 1915 Christi

2412 1949 2675 2016 pertinent,
2706 1949 2828 2018 quid
2852 1948 2979 2003 Osee
2998 1958 3045 2002 et
3063 1948 3227 2003 Amos
3249 1951 3636 2020 prophetauerint.

2312 2059 2449 2115 Osee
2493 2061 2655 2130 igitur
2700 2060 2955 2130 propheta
2980 2102 2996 2127 ,
3028 2071 3239 2130 qttanto
3292 2060 3580 2130 profundius
3602 2064 3748 2131 quidem

2243 2150 2513 2220 loquitur,
2570 2160 2718 2205 tanto
2769 2152 3047 2221 operosius
3102 2162 3439 2222 penetratur.
3486 2154 3576 2207 Sed
3616 2156 3749 2223 aliquid

2242 2242 2365 2297 inde
2409 2243 2725 2297 sumendum
2773 2253 2893 2310 est,
2925 2254 2979 2298 et
3024 2244 3114 2298 hic
3159 2262 3228 2299 ex
3281 2256 3456 2299 nostra
3487 2250 3749 2316 promissione

2242 2335 2569 2403 ponendum.
2606 2335 2672 2388 Et
2701 2336 2813 2401 erit,
2849 2337 3039 2406 inquit,
3070 2337 3129 2390 in
3164 2336 3279 2391 loco
3309 2355 3404 2406 quo
3434 2340 3599 2391 dictum
3620 2352 3674 2392 est
3695 2342 3750 2402 eis,

2245 2426 2366 2479 Non
2397 2426 2613 2498 papulas
2644 2445 2782 2481 meus
2812 2445 2917 2493 vos,
2947 2430 3271 2482 vocabuntur
3298 2438 3344 2483 et
3373 2430 3467 2497 ipsi
3495 2432 3579 2498 ﬁlii
3603 2430 3675 2484 Dei
3694 2434 3751 2483 riu

2246 2521 2265 2590 (
2291 2517 2416 2571 Osee
2454 2534 2510 2583 1,
2546 2520 2673 2585 10).
2718 2520 2827 2571 Iloc
2854 2520 3226 2573 testimonium
3262 2520 3603 2589 prOpheticum
3625 2523 3673 2572 de
3693 2537 3752 2569 vu-

2242 2612 2450 2664 catione
2478 2611 2657 2679 populi
2697 2609 2945 2665 Gentium
2972 2652 2986 2673 ,
3018 2612 3109 2680 qui
3144 2612 3297 2680 prius
3324 2627 3427 2665 non
3456 2612 3753 2676 pertinehatal

2244 2702 2409 2755 Deum
2436 2743 2448 2764 ,
2482 2704 2641 2756 etiam
2672 2704 2911 2771 Apostoli
2940 2701 3327 2757 intellexerunt
3360 2705 3376 2772 (
3407 2702 3539 2755 Rom.
3570 2719 3642 2765 Ix,
3665 2703 3753 2767 ‘26).

2243 2796 2307 2849 Et
2354 2798 2472 2865 quia
2530 2797 2641 2865 ipse
2672 2812 2881 2866 quoque
2930 2798 3162 2866 p0pulus
3193 2796 3445 2853 Gentium
3495 2799 3754 2867 spiritualilcr

2241 2900 2321 2943 est
2350 2890 2401 2943 in
2432 2890 2554 2943 liliis
2581 2890 2808 2943 Abraha:
2834 2931 2847 2952 ,
2881 2906 2943 2942 ac
2971 2906 3065 2957 per
3095 2891 3203 2944 hoc
3236 2902 3383 2945 recte
3409 2892 3582 2944 dicitur
3618 2890 3752 2947 Israel.

2242 2990 2523 3049 propterea
2570 2982 2811 3050 sequitur
2836 3024 2849 3046 ,
2879 2991 2932 3034 et
2957 2982 3087 3036 dicit
3121 2999 3135 3035 :
3173 2982 3242 3035 Et
3273 2985 3667 3054 congregabantur
3695 2981 3753 3047 ﬁlii

2240 3073 2381 3125 Juda
2408 3084 2453 3125 et
2480 3074 2574 3141 ﬁlii
2603 3071 2770 3126 Israel
2796 3075 2847 3125 in
2876 3073 3097 3141 idipsum
3125 3116 3141 3140 ,
3179 3084 3228 3127 et
3257 3085 3439 3144 ponent
3467 3076 3631 3126 sibimet
3662 3074 3757 3140 prin-

2241 3167 2466 3235 cipatum
2497 3182 2652 3217 unum
2676 3205 2691 3229 ,
2720 3174 2766 3218 et
2793 3166 3063 3218 ascenderat
3092 3183 3127 3218 a
3160 3176 3298 3220 terra
3328 3165 3476 3232 (Osee
3501 3182 3547 3235 ι,
3578 3167 3659 3237 Η),
3684 3164 3751 3218 lict

2242 3260 2285 3311 si
2314 3257 2487 3313 adhuc
2516 3256 2743 3311 velimus
2772 3272 3063 3331 exponere,
3092 3258 3299 3336 eloquii
3328 3268 3599 3336 prophetici
3624 3270 3756 3321 obtun-

2240 3352 2399 3410 detur
2428 3372 2604 3426 sapor.
2638 3356 2925 3411 Recolatnr
2963 3368 3143 3412 tamen
3176 3361 3313 3427 lapis
3342 3363 3426 3414 ille
3453 3363 3755 3432 angularis,et

2239 3450 2345 3503 duo
2389 3450 2461 3502 illi
2490 3450 2720 3518 parietes
2743 3492 2757 3515 ,
2791 3466 2926 3504 unus
2951 3467 3015 3504 ex
3051 3452 3261 3506 Iudaeis
3286 3494 3301 3519 ,
3333 3455 3463 3507 alter
3489 3470 3546 3509 ex
3569 3452 3755 3509 Gentibus

2242 3542 2478 3611 (Ephes.
2528 3559 2599 3607 ιι,
2637 3544 2738 3608 Li,
2791 3544 2893 3610 15,
2941 3544 3111 3597 20-22
3138 3548 3198 3615 );
3234 3547 3325 3601 ille
3354 3547 3554 3601 nomine
3592 3547 3753 3601 ﬁliorum

2239 3634 2373 3688 Juda
2399 3675 2412 3696 ,
2447 3635 2546 3687 iste
2589 3635 2803 3687 nomine
2835 3634 3059 3687 ﬁliorum
3109 3634 3280 3690 Israel
3305 3679 3320 3701 ,
3354 3637 3518 3691 eidem
3546 3637 3617 3689 uni
3652 3636 3754 3705 prin-

2239 3727 2433 3796 cipatui
2460 3742 2556 3780 suo
2574 3726 2627 3780 in
2645 3726 2872 3795 idipsum
2900 3727 3215 3793 innitentes,
3236 3737 3292 3783 et
3313 3729 3755 3796 ascendentesagao-

2240 3830 2451 3874 scantnr
2483 3835 2511 3871 a
2544 3830 2705 3874 terra.
2736 3819 2871 3874 Istos
2900 3828 3077 3874 autem
3106 3822 3358 3876 carnales
3379 3825 3399 3853 ¹
3433 3820 3674 3878 Israelitas.
3697 3820 3752 3887 qui

2242 3928 2380 3966 nunc
2410 3912 2598 3965 nolunt
2625 3913 2846 3966 credere
2878 3913 2928 3965 in
2958 3912 3263 3978 Christum,
3298 3924 3476 3983 postea
3503 3912 3747 3971 credituros,

2240 4004 2289 4057 id
2321 4012 2402 4056 est
2425 4044 2437 4066 ,
2473 4002 2611 4057 ﬁlios
2634 4018 2821 4057 eorum
2856 4003 3017 4075 (nam
3050 4005 3238 4073 utique
3266 4006 3350 4058 isti
3396 4006 3445 4058 in
3472 4020 3603 4057 suum
3631 4002 3750 4055 locum

2239 4096 2515 4151 moriendo
2537 4098 2878 4164 transibunt),
2899 4095 3038 4151 idem
3063 4099 3328 4166 pr0pheta
3357 4106 3578 4157 testatur,
3595 4095 3746 4148 dicens:

2242 4192 2493 4257 Quoniam
2533 4189 2706 4243 diebus
2734 4190 2903 4242 multis
2932 4189 3176 4264 sedebynt
3224 4191 3321 4259 ﬁlii
3346 4190 3502 4243 Israel
3523 4190 3614 4242 sine
3645 4202 3745 4253 rege,

2239 4285 2347 4339 sine
2373 4283 2615 4352 principe,
2639 4283 2748 4337 sine
2770 4284 3040 4350 sacri/icio,
3070 4284 3182 4337 sine
3200 4284 3371 4348 altari,
3395 4284 3497 4337 sine
3520 4279 3743 4337 sacerdotio,

2239 4380 2345 4432 sine
2373 4375 2877 4445 manifestationibus.
2911 4376 3042 4443 Quis
3068 4394 3173 4429 non
3203 4376 3381 4431 videat
3404 4419 3417 4440 ,
3446 4391 3569 4429 nunc
3591 4374 3651 4425 sic
3668 4383 3745 4423 esse

2238 4470 2494 4525 Jndzeos?
2524 4469 2629 4523 Sed
2671 4466 2797 4537 quid
2836 4467 3090 4537 adjungat
3116 4511 3129 4532 ,
3164 4468 3441 4521 audiamus
3471 4483 3483 4518 :
3519 4466 3572 4519 Et
3598 4474 3737 4531 postea.

2241 4563 2446 4633 inquit,
2476 4570 2781 4615 revertentur
2825 4561 2918 4621 filii
2961 4559 3166 4626 Israel,
3200 4571 3245 4614 et
3288 4556 3740 4629 inquirentDumiims

2242 4654 2405 4708 Deum
2444 4669 2592 4707 suum
2614 4692 2629 4715 ,
2661 4661 2707 4705 et
2753 4650 2915 4703 David
2958 4667 3123 4721 regem
3154 4668 3306 4705 suum
3334 4668 3351 4705 :
3383 4660 3426 4703 et
3466 4644 3738 4716 stupuerunt:

2240 4746 2461 4801 Domino
2486 4788 2500 4811 ,
2533 4754 2580 4798 et
2611 4745 2661 4797 in
2688 4743 2827 4796 bonis
2854 4743 3012 4811 ipsius
3040 4786 3055 4807 ,
3088 4744 3139 4795 in
3170 4743 3445 4796 novissimis
3469 4740 3616 4792 diebus
3639 4736 3738 4805 (05ft

2241 4857 2315 4904 ιιι,
2349 4840 2400 4906 4,
2437 4840 2489 4899 5,
2523 4854 2622 4891 sec.
2655 4816 2858 4905 LXX).
2891 4834 3029 4889 Nihil
3059 4846 3143 4889 est
3170 4837 3270 4890 ista
3304 4832 3557 4904 prophetia
3584 4822 3739 4882 manilr~

2240 4935 2394 4999 stins,
2416 4948 2536 4985 cum
2558 4931 2716 4985 David
2750 4931 2889 4998 regis
2916 4932 3129 4983 nomine
3152 4931 3466 4999 significatus
3494 4924 3736 4989 intelligatur

2240 5025 2483 5081 Christus
2513 5023 2534 5054 ³
2561 5065 2574 5087 ,
2607 5040 2691 5091 qui
2737 5025 2899 5093 factus
2941 5033 3012 5075 est
3038 5064 3051 5087 ,
3085 5025 3217 5076 sicut
3261 5023 3384 5076 dicit
3410 5016 3672 5088 ApOslttltlS.
3697 5023 3735 5060 (Ξ

2239 5119 2425 5173 semine
2444 5116 2605 5168 David
2634 5115 2905 5169 secundum
2931 5132 3130 5167 carnem
3150 5115 3319 5185 (Rom.
3347 5130 3380 5175 ι,
3399 5113 3467 5179 ὅ).
3485 5104 3732 5163 Prmnnntia-

2239 5213 2313 5266 vit
2330 5212 2429 5265 iste
2448 5208 2703 5279 propheta
2723 5208 2880 5262 etiam
2901 5208 3055 5261 tertio
3072 5208 3157 5262 die
3168 5206 3358 5261 Christi
3377 5202 3727 5285 resurrectionfm

2241 5307 2489 5370 futuram,
2520 5306 2660 5358 sicut
2687 5320 2805 5358 eam
2835 5304 3144 5373 prophetica
3175 5303 3438 5357 altitudine
3466 5287 3726 5368 praenuntiati

2240 5397 2519 5466 oportebat
2543 5438 2557 5459 ,
2587 5396 2674 5449 ubi
2703 5398 2777 5449 ait
2808 5413 2820 5448 :
2856 5396 3071 5451 Sanabit
3113 5413 3201 5449 nos
3224 5388 3345 5465 'post
3373 5386 3645 5451 biduum,iu
3673 5379 3727 5430 die

2240 5490 2387 5544 tertio
2429 5505 2745 5555 resurqemus
2776 5488 2795 5559 (
2819 5488 2945 5541 Osee
2975 5504 3025 5541 vt
3049 5529 3065 5552 ,
3094 5489 3128 5541 5
3147 5488 3185 5557 ).
3229 5484 3500 5541 Secundum
3526 5480 3607 5532 hoc
3624 5472 3721 5527 enim

2303 5602 2320 5668 ξ
2356 5601 2493 5668 aditi,
2516 5598 2752 5668 incipere.
2780 5599 2948 5650 melius
2970 5608 3097 5660 Mss,
3121 5599 3357 5668 iru‘iperet.
3428 5658 3461 5668 Δ,

2302 5665 2321 5694 ί
2356 5654 2491 5712 Vind:
2517 5654 2624 5711 Αιιι.’
2637 5671 2689 5712 et
2708 5663 2876 5725 plures
2895 5672 3032 5721 uss.,
3056 5654 3320 5713 carnaliter.
3344 5684 3399 5696 —
3424 5658 3485 5704 sic
3504 5654 3621 5701 nostri
3646 5654 3719 5692 οω-

2239 5738 2347 5775 nes.
2540 5732 2596 5773 Μ.
3375 5780 3415 5784 __
3512 5774 3521 5784 ,
3553 5779 3560 5784 _
3590 5763 3662 5784 “,__.

2240 5768 2795 5899 menusaipu.
2821 5786 2943 5837 ιτΔὶιί
2967 5800 3115 5848 vero,
3151 5799 3243 5850 qua
