3882 6396
97 351 196 415 815

97 469 242 528 nobis
266 466 392 525 dicit
432 461 719 537 Apostolus
740 500 756 528 ,
788 454 850 514 Si
890 451 1231 515 resurrexistis
1259 465 1374 508 cum
1414 447 1652 512 Christo,

92 579 202 634 qua
221 567 414 618 sursum
438 568 556 616 sunt
577 555 781 628 quierite
807 550 1022 624 (Coloss.
1052 563 1131 614 nt,
1159 546 1237 617 1).
1258 545 1424 600 Amos
1447 553 1658 634 quoque

95 633 160 710 de
176 655 327 709 rebus
351 651 545 707 talibus
568 648 647 704 sic
666 643 944 717 prophetat
975 657 988 695 :
1024 639 1269 709 Prwpara
1291 675 1308 701 ,
1335 633 1541 704 inquit,
1570 638 1617 684 te
1638 651 1655 697 -,

92 755 149 800 ut
175 746 360 800 invoces
389 742 552 796 Deum
597 747 740 793 tuum
782 732 988 798 Israel;
1015 730 1136 804 quia
1180 741 1290 782 ecce
1317 735 1407 797 ego
1450 723 1660 792 ﬁrmans

95 837 359 891 tonitruum
377 876 392 902 ,
413 841 464 888 et
495 842 670 886 creans
695 827 928 898 spiritum
951 866 967 894 ,
996 832 1042 879 et
1075 820 1382 876 annuntians
1409 817 1464 869 in
1491 814 1658 868 homi-

93 929 235 982 nibus
256 926 504 982 Christum
528 937 678 978 suum
704 919 878 993 (Amos
915 932 966 972 tv
990 955 1005 983 ,
1033 913 1102 969 12
1130 921 1177 966 et
1206 911 1275 966 13
1295 943 1313 976 ,-
1339 923 1437 964 sec.
1467 904 1657 976 LXX).

93 1021 160 1076 Et
183 1020 282 1074 alio
302 1013 541 1074 loco:1n
567 1013 660 1068 illa
683 1013 786 1077 die,
817 1008 1008 1079 inquit,
1033 1002 1338 1060 resuscitabo
1369 999 1663 1054 tabernacu-

92 1111 198 1165 lum
221 1108 379 1162 David
401 1106 536 1178 quod
560 1103 738 1158 cecidit
759 1142 776 1165 ,
820 1109 867 1155 et
891 1095 1206 1165 readiﬁcabo
1233 1105 1346 1163 quae
1378 1087 1663 1178 ceciderunt

91 1201 200 1269 eius
229 1240 244 1265 ,
294 1207 341 1253 et
386 1175 641 1252 destructa
691 1193 800 1263 ejus
849 1185 1154 1244 resuscitabo
1185 1225 1202 1252 ,
1256 1192 1302 1238 et
1346 1175 1663 1249 remdiﬁcabo

91 1309 189 1359 ea,
236 1291 358 1345 sicut
403 1289 508 1344 dies
555 1286 774 1350 saeculi;
823 1283 897 1336 ita
941 1289 994 1335 ut
1040 1278 1304 1347 exquirant
1348 1290 1429 1329 me
1473 1271 1664 1328 residui

90 1382 342 1436 ltommum
363 1419 380 1448 ,
429 1389 477 1434 et
519 1393 690 1432 omnes
739 1382 906 1446 gentes
946 1373 1000 1426 in
1046 1368 1224 1440 quibus
1264 1368 1548 1420 invocatum
1591 1371 1666 1418 est

90 1487 268 1525 nomen
295 1486 458 1524 meum
487 1484 637 1540 super
660 1482 762 1528 eos,
795 1463 917 1517 dicit
940 1460 1190 1516 Dominus
1213 1457 1403 1531 faciens
1426 1456 1531 1510 haec
1551 1452 1662 1527 (Id.

89 1578 140 1616 ix
163 1602 181 1629 ,
211 1563 272 1618 11
295 1572 344 1616 et
370 1561 439 1617 12
461 1602 478 1628 ,
504 1576 606 1615 sec.
635 1556 824 1624 LXX).

86 1671 312 1730 CAPUT
339 1670 530 1728 XXlX.
553 1701 626 1712 —
647 1668 774 1734 Quae
801 1665 862 1720 ab
889 1663 1034 1720 Isaia
1058 1663 1118 1718 de
1144 1660 1344 1718 Christo
1367 1668 1412 1715 et
1438 1657 1669 1712 Ecclesia

684 1759 785 1815 sint
803 1756 1064 1828 prwdicta.

157 1899 211 1954 1.
243 1886 405 1954 lsaias
431 1895 689 1968 propheta
718 1908 827 1950 non
852 1899 936 1948 est
962 1889 1016 1945 in
1046 1888 1180 1943 libro
1223 1884 1504 1942 duodecim
1532 1882 1668 1938 Pro-

81 1991 402 2062 phetarum,
449 1989 539 2060 qui
589 1997 871 2058 propterea
921 1983 1169 2040 dicuntur
1219 1978 1496 2044 minores,
1544 1973 1667 2045 quia

81 2097 361 2138 sermones
385 2095 568 2137 eorum
595 2089 720 2136 sunt
743 2079 950 2143 breves,
980 2068 1043 2130 lu‘
1061 2081 1246 2130 eorum
1271 2068 1669 2139 comparatione

79 2173 176 2242 qui
223 2172 455 2243 majores
505 2170 626 2226 ideo
668 2177 962 2232 vocantur,
993 2165 1115 2236 quia
1165 2162 1370 2234 prolixa
1400 2159 1669 2215 volumina

79 2263 438 2319 condiderunt
471 2280 486 2317 :
517 2277 580 2317 ex
611 2262 802 2332 quibus
827 2266 912 2314 est
941 2258 1026 2312 hic
1051 2254 1234 2319 Isaias,
1262 2267 1421 2324 quem
1451 2259 1672 2322 propter

78 2355 275 2412 eadem
316 2355 610 2426 prophetia:
638 2363 873 2422 tempora
900 2350 1162 2420 subjungo
1190 2345 1508 2417 supradictis
1531 2343 1669 2420 duo-

79 2447 207 2504 bus.
239 2447 400 2502 lsaias
425 2461 552 2517 ergo
579 2445 716 2500 inter
742 2443 832 2498 illa
866 2457 984 2513 qua:
1009 2440 1184 2510 arguit
1208 2439 1384 2508 iniqua
1407 2477 1422 2503 ,
1451 2443 1507 2492 et
1527 2436 1672 2504 jns‘a

80 2537 340 2607 praecepit
361 2577 376 2604 ,
408 2548 463 2592 et
501 2534 765 2606 peccaturi
794 2533 989 2604 pupula
1015 2530 1152 2585 mala
1183 2529 1356 2584 futura
1385 2525 1630 2597 prazdixit
1652 2564 1668 2591 ,

82 2628 246 2684 etiam
289 2627 356 2684 de
380 2627 596 2683 Christo
638 2635 693 2682 et
718 2624 954 2681 Ecclesia
977 2663 993 2690 ,
1028 2621 1131 2676 hoc
1156 2628 1239 2676 est
1266 2619 1334 2675 de
1360 2619 1503 2688 Rege
1527 2625 1582 2672 et
1607 2630 1671 2671 ea

83 2736 244 2792 quam
288 2719 524 2776 condidit
567 2719 821 2785 civitate,
871 2715 1039 2770 multo
1087 2713 1237 2784 plura
1286 2725 1442 2782 quam
1490 2707 1670 2764 caeteri

82 2811 422 2883 prophetarit
451 2828 464 2864 :
497 2811 568 2866 ita
611 2818 727 2865 uta
757 2805 1072 2880 quibusdam
1103 2802 1424 2874 evangelista
1448 2842 1464 2868 ,
1510 2814 1672 2870 quam

80 2903 344 2974 propheta
387 2901 561 2973 potius
589 2901 856 2956 diceretur
899 2897 999 2970 (a).
1032 2894 1138 2951 Sed
1169 2903 1384 2964 propter
1410 2890 1672 2946 rationem

80 2995 264 3066 operis
293 2995 605 3050 terminandi
627 3034 642 3059 ,
676 3007 840 3048 unum
867 2990 934 3046 de
961 2989 1140 3044 multis
1180 2987 1280 3042 hoc
1307 2986 1424 3040 loco
1452 2997 1668 3054 ponam.

79 3086 166 3141 Ex
192 3101 414 3156 persona
444 3087 642 3156 quippe
672 3085 762 3140 Dei
792 3083 963 3137 Patris
993 3081 1216 3150 loquens
1245 3093 1260 3132 :
1297 3077 1446 3141 Ecce,
1479 3075 1668 3144 inquit,

77 3178 325 3251 intelliget
371 3195 496 3251 puer
543 3195 682 3233 meus
704 3219 718 3242 ,
749 3185 797 3230 et
842 3165 1144 3230 exaltabitur
1167 3213 1182 3238 ,
1213 3179 1261 3226 et
1307 3167 1673 3241 gloriﬁcabitur

76 3272 253 3326 valde.
289 3269 723 3338 Quemadmodum
770 3277 1054 3337 stupescent
1098 3280 1251 3334 super
1298 3271 1345 3317 te
1385 3260 1570 3326 multi,
1601 3259 1674 3312 ita

73 3364 250 3434 gloria
287 3364 560 3433 privabitur
584 3360 645 3416 ab
672 3360 955 3416 hominibus
980 3359 1169 3428 species
1195 3365 1282 3410 tua
1320 3363 1369 3410 et
1392 3353 1554 3424 gloria
1583 3359 1674 3407 tua

73 3455 148 3509 ab
173 3455 456 3510 hominibus
485 3471 503 3509 :
533 3456 606 3508 ita
632 3453 948 3506 mirabuntur
971 3458 1140 3520 gentes
1166 3447 1338 3500 multa:
1356 3460 1505 3515 super
1533 3458 1670 3510 eum,

71 3557 127 3603 et
157 3547 476 3602 continebant
504 3563 646 3618 reges
684 3562 740 3600 os
766 3560 915 3598 suum
943 3559 962 3597 :
991 3539 1229 3612 quoniam
1255 3537 1434 3608 quibus
1471 3550 1573 3589 non
1600 3542 1674 3588 est

70 3641 437 3694 annuntiatum
484 3639 546 3692 de
585 3638 676 3692 illo
700 3679 714 3703 ,
760 3634 1036 3698 videbunt;
1064 3641 1109 3686 et
1137 3630 1222 3702 qui
1251 3645 1351 3682 non
1380 3628 1670 3694 audierunt,

68 3731 383 3802 intelligent.
417 3729 635 3784 Domine
659 3771 672 3794 ,
726 3727 837 3797 quis
883 3724 1094 3779 credidit
1141 3721 1338 3775 auditui
1384 3728 1553 3773 nostro
1577 3758 1594 3786 ,
1626 3724 1676 3774 et

70 3821 347 3875 brachium
384 3820 592 3874 Domini
635 3818 717 3873 cui
757 3817 1028 3876 revelatum
1055 3813 1175 3869 est?
1200 3810 1624 3866 Annuntiavintus
1653 3808 1672 3841 ⁸

73 3928 255 3964 coram
282 3912 371 3965 illo
396 3943 410 3976 ,
441 3920 495 3964 at
537 3911 709 3979 infans
733 3950 746 3972 ,
777 3918 831 3962 ut
860 3907 1010 3960 radis:
1051 3905 1105 3958 in
1149 3911 1282 3959 terra
1308 3901 1494 3957 sitienti
1522 3916 1543 3956 ι
1573 3917 1675 3955 non

73 4014 152 4057 est
183 4003 371 4073 species
412 4003 489 4057 illi
513 4043 528 4068 ,
560 4017 716 4072 neque
741 3999 924 4070 gloria.
971 3996 1039 4050 Et
1064 3995 1280 4050 vidimus
1304 4011 1418 4048 eum
1441 4035 1454 4058 ,
1483 4001 1531 4046 et
1573 4009 1675 4047 non

72 4094 297 4148 habebat
324 4095 541 4165 speciem
567 4135 581 4158 ,
615 4109 770 4164 neque
796 4092 1023 4147 decorem
1053 4106 1071 4143 :
1103 4089 1190 4144 sed
1219 4089 1405 4158 species
1433 4088 1543 4158 ejus
1570 4087 1677 4141 sine

71 4189 316 4253 honore,
361 4187 599 4257 deﬁciens
643 4201 750 4257 prae
778 4183 1005 4239 omnibus
1048 4181 1332 4236 hominibus
1376 4181 1471 4252 (b).
1509 4178 1674 4232 Homo

70 4281 128 4333 in
158 4279 319 4349 plaga
347 4279 560 4348 positus,
591 4288 636 4332 et
665 4278 825 4332 sciens
855 4281 986 4347 ferre
1014 4275 1357 4343 inﬁrntitatem
1387 4288 1404 4326 :
1437 4272 1676 4341 quoniam

68 4389 258 4426 aversa
285 4381 358 4426 est
384 4373 538 4440 facies
567 4373 675 4438 ejus
709 4385 728 4424 :
755 4371 1083 4424 inltonoratus
1108 4377 1199 4432 est,
1232 4382 1319 4420 nec
1346 4364 1515 4435 magni
1542 4363 1678 4418 testi-

69 4473 248 4516 rnatns
293 4472 384 4516 est.
423 4461 520 4515 llic
566 4471 770 4530 peccata
817 4470 990 4514 nostra
1017 4461 1037 4490 ’
1070 4467 1274 4526 portat,
1306 4465 1353 4510 et
1397 4472 1489 4526 pro
1533 4454 1676 4509 nobis

68 4555 216 4607 dolet
247 4570 267 4606 :
299 4563 344 4607 et
388 4569 477 4606 nos
505 4542 895 4607 existimavimus
925 4550 945 4582 ³
977 4551 1120 4604 illum
1145 4565 1250 4603 esse
1291 4547 1342 4600 in
1385 4545 1558 4600 dolore
1583 4588 1597 4610 ,
1629 4555 1676 4600 et

67 4646 122 4698 in
171 4645 374 4715 plaga,
404 4653 448 4697 et
492 4644 543 4697 in
586 4643 868 4714 afflictione.
901 4627 1023 4712 Ipse
1067 4651 1233 4693 autem
1276 4639 1564 4692 vulneratus
1605 4647 1676 4690 est

67 4745 298 4804 prapter
341 4735 629 4804 iniquitates
677 4743 914 4798 nostras,
948 4740 992 4784 et
1023 4731 1308 4797 inﬁrmatus
1353 4737 1425 4781 est
1473 4738 1677 4797 propter

65 4835 294 4896 peccata
320 4836 512 4880 nostra.
546 4824 777 4878 Eruditio
805 4823 944 4894 pacis
969 4832 1154 4875 nostra:
1177 4822 1229 4874 in
1251 4836 1308 4874 eo
1340 4835 1357 4873 :
1386 4820 1540 4873 livore
1567 4819 1677 4888 ejus

63 4934 165 4971 nos
195 4917 371 4970 sanati
415 4933 609 4970 sumus.
659 4915 846 4968 Omnes
890 4923 942 4966 ut
971 4929 1084 4966 oves
1128 4913 1401 4965 erravimus
1424 4952 1436 4974 ,
1469 4912 1617 4963 ltomo
1645 4926 1679 4964 α

58 5027 152 5064 vta
187 5026 293 5063 sua
319 5011 498 5062 erravit
531 5025 549 5062 :
577 5017 623 5062 et
655 5008 902 5062 Dominus
933 5006 1140 5059 tradidit
1169 5005 1315 5058 illum
1344 5020 1436 5074 pro
1465 5005 1678 5071 peccatis

57 5103 274 5158 nostris
305 5115 322 5158 ι
353 5110 400 5157 et
427 5103 533 5175 ipse
577 5112 780 5173 prapter
803 5100 936 5173 quod
962 5099 1171 5184 amictus
1195 5106 1267 5150 est
1291 5135 1308 5162 ,
1337 5113 1437 5150 non
1479 5097 1680 5165 aperuit

131 5268 151 5298 ι
195 5264 349 5321 aliti,
376 5261 782 5312 .mmmtiabimus.
823 5263 880 5311 At
915 5268 1043 5319 Mss.,
1078 5253 1481 5306 Annuutiavintus.
1517 5259 1680 5303 Grmce

52 5330 110 5380 in
141 5333 273 5376 LXX
297 5333 393 5385 est,
418 5323 798 5387 Anengeilamen.

130 5393 156 5422 ³
195 5396 254 5438 In
283 5387 500 5436 editione
524 5386 632 5434 nov.
660 5387 888 5435 emissum
913 5390 1006 5443 est,
1030 5386 1211 5432 nostra.

131 5453 158 5485 s
194 5450 367 5500 codex
394 5449 504 5508 258,
528 5445 925 5510 mstitttart‘musu
944 5452 1012 5510 bl.
1031 5506 1084 5510 __
1169 5503 1182 5510 _
1303 5494 1331 5510 ε,

131 5494 957 5574 (a)-VU—(abHieronimi),Epistolis
999 5506 1102 5574 107;,
1127 5503 1184 5552 ad
1209 5494 1470 5574 Paulinum,
1485 5500 1680 5574 .et_il7,

59 5562 373 5624 ad‘Paulam
399 5580 449 5622 et
474 5562 855 5635 Eustbchiumhn
879 5566 1458 5635 Promniiotiomtnt-ntarii
1484 5565 1532 5635 in
1557 5562 1684 5612 hunc

59 5653 71 5698 ι
97 5638 407 5698 ι-υειιριιιιιι.
427 5642 477 5684 et
501 5647 527 5682 a
550 5632 1051 5698 (agrilloninpratione
1077 5631 1097 5678 1
1126 5630 1174 5677 in
1192 5630 1380 5698 _Isaiam.
1401 5633 1647 5698 υᾳσυιιερς.

136 5685 223 5758 (ι)
277 5685 411 5758 apud
453 5685 854 5758 Lxxfprce'ﬁliis
892 5691 1308 5758 ltqrnimndnttem
1328 5687 1467 5758 almd
1485 5685 1683 5758 eosdem

56 5749 229 5821 paulo
254 5749 339 5819 sui
353 5772 403 5821 ria
421 5796 434 5821 ,
477 5749 593 5821 Iro,
609 5749 889 5821 ᾖπὶιεὶιὸίιιιι·
911 5751 970 5803 ab
993 5751 1260 5802 hominibus
1283 5786 1298 5813 ,
1328 5749 1550 5810 habetur,
1579 5749 1682 5811 pri-

57 5817 278 5870 ﬁabitur
303 5817 335 5870 ἁ
360 5817 754 5882 filiis'ltomittunt.
1419 5842 1422 5846 -

343 5903 547 5965 Sacr
614 5904 885 5963 Avousr.
921 5898 1054 5960 Vll.

1277 330 1483 392 LIBER
1511 325 1803 389 DECIMUS
1837 326 2175 386 OCTAVUS.

3239 322 3348 384 586

1763 459 1820 499 os
1864 459 2012 500 suum
2042 443 2082 496 ⁸.
2119 440 2189 500 Ut
2229 439 2334 499 ovis
2359 439 2428 496 ad
2467 435 2832 498 immolandum
2859 439 3041 497 ductus
3080 447 3154 494 est
3177 479 3192 506 ,
3219 448 3265 494 et
3292 447 3349 493 ut

1764 549 1926 605 agnus
1951 543 2067 588 ante
2087 549 2203 588 eum
2225 534 2313 603 qui
2336 549 2391 588 se
2415 534 2604 600 tondet,
2630 535 2738 589 sine
2758 545 2896 601 uoce,
2925 532 2999 587 sic
3021 547 3124 587 non
3148 533 3349 603 aperuit

1765 640 1822 680 os
1843 639 2008 678 suum.
2036 622 2106 678 In
2133 623 2418 679 humilitate
2444 624 2689 692 judicium
2711 625 2822 695 ejus
2847 622 3100 678 sublatum
3124 633 3218 676 est.
3247 624 3351 678 Ce-

1765 717 2074 771 neratibneni
2118 715 2227 786 ejus
2253 715 2365 786 quis
2411 715 2708 770 enarrabit?
2739 716 2991 783 Quoniam
3037 717 3242 774 tolletur
3285 718 3350 773 de

1766 814 1898 862 terra
1927 808 2027 862 vita
2054 808 2182 878 ejus.
2205 807 2282 861 Ab
2308 807 2647 878 iniquitatibus
2670 809 2845 880 populi
2867 810 2964 864 mei
2983 809 3164 864 ductus
3190 819 3262 865 est
3279 809 3352 864 ad

1765 906 1995 954 mortem.
2027 898 2097 953 Et
2123 899 2254 955 dabo
2282 899 2530 971 malignos
2552 916 2644 971 pro
2669 901 2928 970 sepultura
2950 903 3079 972 ejus,
3102 911 3148 956 et
3174 903 3353 960 divites

1767 1006 1860 1060 pro
1904 999 2064 1045 morte
2107 991 2238 1062 ejus.
2273 990 2525 1058 Quoniam
2569 991 2883 1062 iniquitatem
2927 1009 3029 1048 non
3075 994 3229 1066 fecit,
3261 1010 3353 1050 nec

1767 1081 1941 1136 dolum
1982 1083 2038 1137 in
2079 1098 2166 1138 ore
2206 1099 2298 1138 suo
2330 1098 2350 1136 :
2377 1092 2424 1138 et
2455 1082 2702 1138 Dominus
2731 1085 2836 1138 vult
2879 1101 3096 1157 purgare
3135 1102 3249 1141 eum
3291 1088 3356 1142 de

1767 1172 1939 1244 plaga.
1974 1172 2034 1228 Si
2063 1173 2298 1228 dederitis
2325 1189 2417 1243 pro
2445 1183 2648 1245 peccato
2673 1175 2899 1228 animum
2922 1185 3132 1230 uestram
3154 1216 3174 1244 ,
3214 1177 3352 1232 uide-

1770 1266 1884 1321 bitis
1925 1278 2090 1321 semen
2131 1265 2412 1338 longtevum
2451 1265 2528 1338 (a)
2563 1282 2578 1320 :
2611 1275 2658 1320 et
2681 1265 2929 1322 Dominus
2955 1269 3061 1323 vult
3097 1273 3297 1340 auferre
3323 1287 3358 1325 a

1769 1355 1946 1412 dolore
1968 1357 2192 1410 animam
2233 1359 2342 1428 ejus
2365 1398 2380 1422 ,
2411 1357 2670 1412 ostendere
2707 1357 2788 1412 illi
2830 1357 3029 1425 lucent,-
3061 1370 3106 1413 et
3135 1364 3359 1430 formare

1769 1448 2092 1515 intellectum,
2101 1448 2392 1518 justiﬁcare
2412 1449 2606 1519 justum
2626 1447 2748 1503 bene
2767 1449 3062 1503 servientem
3088 1449 3315 1518 pluribus
3333 1466 3354 1505 :

1768 1547 1819 1594 et
1849 1548 2054 1608 peccata
2093 1554 2265 1593 eorum
2292 1539 2401 1609 ipse
2425 1538 2641 1609 portabit
2662 1540 2704 1593 ³.
2742 1538 3019 1608 Propterea
3046 1540 3154 1610 ipse
3194 1541 3359 1596 luere-

1771 1631 1949 1684 ditabit
1975 1631 2143 1702 plures
2165 1670 2181 1696 ,
2209 1639 2255 1685 et
2297 1629 2505 1700 fortium
2529 1630 2713 1685 dividet
2751 1631 2917 1702 spolia
2943 1647 2964 1686 :
2995 1641 3199 1703 propter
3221 1633 3360 1702 quod

1773 1724 1958 1778 tradita
1984 1733 2055 1778 est
2079 1724 2148 1778 ad
2170 1734 2380 1787 mortem
2404 1723 2576 1777 anima
2599 1724 2709 1792 ejus
2732 1739 2750 1787 ;
2779 1733 2825 1777 et
2847 1724 2976 1778 inter
2997 1725 3195 1796 iniquos
3219 1727 3360 1780 testi-

1773 1823 1936 1869 ntatus
1961 1824 2053 1881 est,
2078 1824 2124 1869 et
2152 1815 2261 1886 ipse
2286 1818 2494 1886 peccata
2519 1814 2794 1868 multorum
2820 1816 3058 1886 portavit,
3085 1825 3132 1870 et
3157 1827 3362 1887 prapter

1775 1919 1981 1978 peccata
2003 1925 2178 1962 eorum
2203 1909 2418 1962 traditus
2444 1917 2518 1962 est
2539 1907 2688 1978 (Isai.
2717 1909 3034 1976 1.151345;
3067 1923 3176 1976 Litt,
3208 1908 3358 1977 1-12,

1773 2017 1872 2057 sec.
1896 2000 2083 2072 LXX).
2110 2001 2232 2055 Hsec
2251 2003 2319 2056 de
2337 2001 2569 2068 Christo.

1845 2091 1900 2144 2.
1932 2091 2048 2147 Jam
2073 2106 2201 2146 vero
2229 2090 2296 2147 de
2323 2091 2582 2157 Ecclesia,
2601 2089 2743 2162 quod
2773 2091 3031 2164 sequitur,
3049 2091 3360 2149 audiamus:

1775 2181 2010 2249 Ltetare,
2057 2183 2268 2253 inquit,
2312 2183 2496 2237 sterilis
2519 2225 2534 2249 ,
2563 2187 2676 2252 qua:
2717 2200 2819 2238 non
2861 2184 3002 2254 paris
3024 2199 3044 2248 ;
3072 2201 3275 2257 erumpe
3315 2194 3365 2241 et

1775 2273 1939 2328 clama
1959 2312 1980 2342 ,
2009 2289 2124 2344 qua:
2170 2290 2270 2328 non
2301 2275 2521 2345 parturis
2548 2290 2568 2328 :
2597 2275 2835 2344 quoniam
2865 2276 3010 2331 multi
3037 2278 3132 2346 ﬁlii
3153 2279 3363 2334 deserta:

1776 2366 1958 2437 magis,
1980 2378 2130 2438 quam
2155 2367 2263 2436 ejus
2290 2382 2404 2434 quae
2427 2367 2571 2421 habet
2596 2368 2776 2420 uirum.
2804 2367 2980 2423 Dilata
3003 2369 3171 2423 locum
3199 2370 3366 2424 tubera-

1775 2457 1948 2512 παταιὶ
1975 2458 2088 2522 tui,
2118 2467 2165 2512 et
2190 2456 2470 2512 aultearum
2495 2460 2697 2512 tuarum
2726 2470 2746 2513 :
2776 2459 2876 2529 ﬁge
2895 2458 2955 2526 ἐ
2986 2460 3092 2514 noli
3117 2475 3322 2529 parcere
3342 2492 3361 2528 ι

1777 2551 2026 2620 prolonga
2058 2549 2311 2620 funiculos
2339 2559 2451 2604 tuos
2476 2577 2492 2616 ι
2517 2558 2565 2603 et
2593 2550 2737 2619 palos
2763 2559 2875 2604 tuos
2899 2555 3131 2622 conforta
3152 2566 3172 2615 ;
3195 2551 3368 2606 adhuc

1775 2642 1829 2695 in
1846 2641 2103 2696 dexteram
2127 2649 2174 2695 et
2192 2641 2446 2695 sinistram
2473 2646 2667 2712 partem
2691 2641 2917 2695 extende.
2939 2641 3005 2695 Et
3034 2657 3200 2696 semen
3225 2651 3369 2696 tuum

1777 2729 2092 2786 haereditabit
2118 2740 2288 2801 gentes
2313 2747 2330 2795 ;
2361 2741 2408 2784 et
2436 2731 2657 2787 civitates
2685 2731 2908 2786 desertas
2931 2732 3254 2788 inltabitabis.
3285 2731 3339 2787 Ν
3341 2747 3370 2787 e

1778 2822 1954 2878 timeas
1977 2862 1992 2888 ,
2041 2823 2281 2892 quoniam
2330 2825 2544 2893 confusa
2589 2840 2680 2889 es;
2711 2833 2867 2894 neque
2911 2825 3180 2878 reverearis
3204 2865 3219 2891 ,
3249 2826 3370 2894 quia

1778 2914 2080 2987 exprobrata
2103 2931 2155 2970 es
2178 2930 2196 2968 :
2216 2915 2457 2986 quoniam
2480 2915 2823 2982 confusionem
2846 2925 3087 2970 wternam
3111 2918 3370 2972 obliuisce-

1777 3007 1870 3075 ris,
1891 3016 1935 3061 et
1960 3007 2219 3077 approbrii
2244 3006 2500 3061 viduitatis
2524 3016 2623 3061 tute
2642 3023 2743 3060 non
2768 3007 2866 3061 eris
2883 3020 3091 3063 ntemor.
3115 3008 3368 3074 Quoniam

1778 3100 2027 3156 Dominus
2075 3101 2265 3172 faciens
2303 3109 2386 3166 te,
2421 3099 2670 3154 Dominus
2726 3098 2954 3154 Sabaoth
2997 3111 3179 3155 namen
3206 3101 3315 3172 ejus
3341 3116 3365 3156 t

1778 3201 1826 3247 et
1848 3193 1933 3264 qui
1959 3193 2086 3246 eruit
2111 3202 2175 3258 te,
2195 3192 2302 3262 ipse
2317 3190 2454 3244 Deus
2476 3189 2642 3245 Israel
2669 3191 2916 3246 universa:
2939 3200 3089 3246 terra:
3113 3191 3369 3246 vocabitur

1783 3283 1910 3354 (1d.
1941 3299 2026 3338 Liv
2047 3325 2062 3350 ,
2094 3281 2228 3354 1³5)
2254 3322 2272 3352 ,
2299 3292 2354 3338 et
2377 3291 2591 3338 caetera.
2624 3281 2818 3338 Verum
2848 3282 2945 3338 ista
2971 3284 3080 3338 sint
3105 3284 3232 3339 satis
3265 3299 3278 3336 :
3310 3294 3368 3340 et

1779 3373 1834 3429 iu
1859 3375 1940 3430 eis
1963 3373 2416 3444 suntettponenda
2443 3374 2726 3438 nonnulla;
2746 3373 2838 3428 sed
2865 3373 3112 3430 sul'licerc
3135 3375 3368 3430 arbitror

1779 3481 1900 3537 quae
1945 3467 2017 3522 ita
2064 3476 2190 3523 sunt
2233 3476 2457 3538 aperta,
2508 3475 2567 3520 ut
2610 3467 2773 3521 etiam
2821 3466 3020 3522 inimici
3069 3467 3368 3539 intelligere

1779 3567 2036 3628 cogantur
2062 3559 2230 3614 inviti.
3360 3608 3370 3619 .

1780 3649 2006 3708 CAPUT
2037 3650 2206 3707 XXX.
2222 3681 2294 3691 —
2311 3650 2438 3718 Quae
2462 3649 2706 3706 Hic/tatas
2729 3677 2744 3717 ,
2771 3659 2821 3705 et
2843 3650 3006 3706 Jonas
3029 3661 3076 3706 et
3099 3649 3217 3706 Joel
3237 3661 3368 3708 noro

2015 3740 2332 3796 Testamento
2353 3742 2682 3811 congruentia
2701 3742 3124 3811 prapltetaverint.

1852 3834 1904 3888 1.
1934 3831 2182 3887 Michzeas
2228 3831 2488 3902 prapheta
2517 3829 2786 3886 Christum
2841 3832 2894 3886 in
2942 3831 3109 3903 ﬁgura
3161 3847 3370 3902 ponens

1780 3927 1955 3997 magni
1994 3923 2270 3995 cujusdam
2312 3924 2508 3978 montis
2533 3965 2548 3990 ,
2583 3924 2697 3979 hate
2741 3923 2977 3995 loquitur
3008 3941 3022 3978 :
3056 3924 3169 3979 Erit
3191 3925 3245 3980 in
3268 3942 3370 3980 no-

1779 4017 1992 4072 vissimis
2017 4017 2192 4071 diebus
2231 4017 2528 4088 manifestus
2556 4033 2698 4071 ntons
2725 4016 2932 4072 Domini
2969 4027 3176 4088 paratus
3217 4035 3372 4090 super

1780 4108 1985 4162 vertices
2027 4107 2311 4172 montium;
2339 4117 2384 4160 et
2428 4107 2732 4160 exaltabitur
2772 4124 2924 4178 super
2969 4109 3141 4163 colles.
3174 4107 3244 4162 Et
3288 4113 3370 4181 fe-

1780 4199 2036 4254 stinabant
2063 4199 2131 4252 ad
2174 4214 2287 4254 eum
2333 4198 2538 4269 plebes,
2569 4209 2616 4253 et
2663 4199 2805 4253 ibunt
2847 4208 3019 4269 gentes
3064 4199 3276 4265 multat,
3317 4210 3369 4256 et

1781 4290 1994 4344 dicent:
2032 4288 2207 4344 Venite
2229 4331 2244 4351 ,
2293 4291 2623 4345 ascendamus
2667 4291 2721 4343 in
2765 4300 2982 4344 montem
3029 4289 3270 4355 Domini,
3320 4301 3372 4346 et

1780 4382 1834 4436 in
1879 4383 2084 4436 domum
2110 4382 2204 4436 Dei
2231 4382 2390 4436 Jacob
2415 4423 2430 4447 ,
2460 4392 2510 4436 et
2553 4383 2776 4437 ostendet
2822 4382 2965 4437 nobis
3006 4383 3138 4436 viam
3178 4400 3325 4438 suam
3348 4416 3367 4454 ι

1780 4484 1829 4530 et
1872 4475 2054 4530 ibimus
2079 4475 2131 4528 in
2172 4475 2360 4529 sentitis
2403 4475 2512 4544 ejus
2545 4490 2564 4528 :
2590 4478 2706 4545 quia
2737 4492 2799 4530 ea:
2826 4475 2952 4530 Sion
2982 4476 3215 4544 procedet
3243 4477 3328 4532 lea:
3347 4518 3367 4544 ,

1780 4578 1828 4622 et
1858 4567 2058 4623 verbum
2076 4567 2281 4622 Domini
2303 4583 2364 4623 ea:
2378 4566 2682 4621 Jerusalem.
2702 4568 2767 4621 Et
2785 4567 3036 4639 judicabit
3059 4568 3188 4622 inter
3202 4569 3371 4638 plebes

1783 4662 1988 4726 multas,
2009 4669 2055 4714 et
2081 4660 2346 4730 redarguet
2364 4668 2532 4730 gentes
2551 4667 2771 4729 potentes
2797 4675 2948 4729 usque
2965 4659 3017 4712 in
3039 4659 3372 4733 longinquum

1785 4753 2038 4825 (Micluete
2064 4768 2116 4808 tv
2139 4795 2154 4820 ,
2188 4751 2323 4823 1-5).
2357 4745 2664 4805 Prmdicens
2707 4751 2805 4806 iste
2834 4752 3088 4822 propheta
3113 4763 3168 4809 et
3193 4753 3373 4812 lacum

1784 4847 1836 4901 in
1863 4863 1968 4916 quo
1997 4855 2152 4900 natus
2179 4852 2261 4899 est
2299 4843 2546 4898 Chrisws
2577 4846 2591 4896 ὲ
2623 4843 2692 4896 Et
2719 4853 2771 4896 tu
2794 4884 2809 4909 ,
2841 4845 3009 4914 inquit
3031 4885 3044 4906 ,
3075 4845 3373 4904 Bethleltem

1785 4939 1964 4992 domus
1992 4935 2222 5006 Ephrata
2245 4977 2260 5002 ,
2290 4934 2499 4988 minima
2537 4945 2588 4989 es
2610 4974 2625 5000 ,
2657 4944 2707 4988 ut
2734 4935 2803 4989 sis
2841 4934 2891 4990 in
2934 4936 3155 4993 millibus
3179 4937 3322 4994 Iuda
3351 4956 3373 4994 :

1785 5046 1847 5084 ex
1872 5039 1918 5082 te
1944 5027 2069 5080 mihi
2095 5025 2310 5097 prodiet,
2337 5035 2390 5078 ut
2415 5025 2479 5079 sit
2508 5023 2560 5078 in
2589 5026 2866 5095 principem
2898 5023 3060 5082 Israel
3087 5043 3106 5081 ι
3137 5038 3183 5082 et
3206 5045 3376 5100 egres-

1849 5120 1866 5155 ¹
1901 5122 1985 5170 Hic
2005 5118 2141 5167 Vind.
2169 5126 2269 5180 Am.
2305 5123 2377 5180 Er.
2403 5123 2458 5166 et
2480 5118 2790 5180 manuscripti
2822 5118 3087 5178 omittunt,
3125 5132 3282 5170 suum.
3323 5127 3377 5173 Et

1785 5183 1905 5234 infra
1931 5183 2052 5242 loco,
2080 5179 2273 5242 tondet;
2301 5179 2502 5236 habent,
2537 5179 2768 5228 tonderet.

1849 5239 2284 5316 i'Fditiiportavit.
2331 5249 2386 5292 Αι
2430 5242 2760 5304 manuscripti,
2798 5239 3022 5304 portabit.
3068 5247 3230 5292 caece
3273 5251 3370 5304 est,

1711 5337 1717 5344 τ
1783 5306 1976 5359 ancisei.

1851 5371 1871 5403 ³
1903 5368 2020 5417 mliti
2041 5404 2055 5428 ,
2100 5373 2146 5417 et
2205 5363 2340 5430 palos
2391 5363 2642 5430 caularum
2701 5372 2914 5430 tuarum
2932 5363 3044 5428 ﬁge.
3110 5364 3376 5414 amendan-

1787 5439 1865 5482 tut‘
1910 5444 1973 5481 ex
2010 5425 2346 5490 manttsit-iptis
2378 5429 2462 5491 qui
2509 5428 2708 5491 habent,
2740 5432 2786 5491 e_t
2833 5425 3371 5491 anlteartnn‘tuarum;

1787 5495 1981 5551 omisso,
2005 5491 2167 5554 palos,
2177 5486 2316 5554 juxta
2340 5486 2467 5550 Lx'x,
2486 5489 2571 5554 ubi
2585 5502 2746 5551 graece
2765 5487 2961 5554 legitur,
2987 5487 3066 5539 Ita‘s
3088 5486 3165 5538 ιόη
3182 5486 3373 5554 aulaida

1787 5569 1889 5616 sou.
1909 5551 2039 5616 Quod
2060 5551 2256 5616 quidem
2279 5551 2426 5600 latine
2452 5552 2673 5608 vertitur,
2691 5551 3030 5616 etaulteorunt
3053 5560 3260 5600 tuorum.
3277 5551 3371 5616 Sed

1787 5612 1995 5668 aulicam
2018 5612 2249 5664 feminino
2275 5615 2420 5662 etiam
2443 5625 2634 5675 genere
2671 5612 2781 5675 dici,
2825 5618 2992 5661 notum
3014 5621 3092 5662 est
3115 5627 3178 5662 ex
3201 5615 3376 5672 Qttinto

1786 5681 1963 5738 Curtio,
1988 5677 2082 5738 lib.
2095 5677 2143 5736 8,
2167 5678 2207 5724 si
2233 5675 2366 5723 locus
2389 5672 2751 5738 tamenmendo
2776 5681 2930 5723 vacet.

1854 5734 2085 5802 (ωλι)υὰ
2109 5734 2216 5802 ιζχιι
2240 5739 2310 5784 sic
2329 5742 2437 5784 est:
2463 5736 2510 5788 si
2534 5735 2656 5788 detis
2684 5739 2777 5799 pro
2800 5742 3010 5799 peccato,
3037 5734 3198 5785 anina
3222 5743 3380 5789 vestra

1789 5798 1967 5856 ridebit
1991 5798 2148 5855 semen
2173 5798 2450 5862 longtevum.

2726 5882 3134 5959 (Dim-ineuf.)
