3826 6482
541 331 644 388 587

536 464 620 502 sus
661 445 770 518 ejus
811 444 873 500 ab
915 445 1060 500 initio
1083 482 1098 512 ,
1125 452 1172 498 et
1197 458 1261 498 ex
1283 442 1458 498 diebus
1494 441 1809 496 teternitatis.
1839 438 2122 510 Propterea

537 538 674 593 dabit
699 554 784 593 eos
807 553 964 609 usque
975 537 1043 590 ad
1065 545 1260 608 tempus
1277 533 1599 606 parturientis
1627 532 1786 603 pariet
1806 533 1842 597 ί,
1862 541 1910 586 et
1933 527 2124 584 residui

535 631 720 701 fratres
761 629 871 698 ejus
898 635 1246 682 convertentur
1285 625 1354 678 ad
1380 624 1516 694 ﬁlios
1540 622 1723 677 Israel.
1752 621 1818 676 Et
1862 621 2009 676 stabit
2033 661 2048 686 ,
2076 628 2124 674 et

538 722 758 790 videbit,
787 729 832 775 et
873 729 1042 794 pascet
1082 735 1284 793 gregem
1324 735 1473 774 suum
1513 719 1566 772 in
1590 717 1773 771 virtute
1802 714 2043 781 Domini,
2075 722 2124 768 et

537 812 590 866 in
634 813 825 868 honore
866 812 1084 868 nominis
1122 810 1330 866 Domini
1370 809 1466 863 Dei
1507 809 1586 863 sui
1625 816 1770 862 erunt
1817 822 1836 861 :
1883 806 2124 878 quoniam

537 921 670 960 nunc
710 904 1115 977 magniﬁcabitur
1151 919 1306 974 usque
1341 901 1409 955 ad
1443 916 1694 955 summum
1718 908 1865 953 terra
1903 897 1922 969 (
1950 896 2112 951 Mica.

536 1010 591 1063 ν,
609 995 726 1063 2-4,
759 1013 874 1051 sec.
893 994 1086 1066 LXX).

603 1085 660 1140 2.
690 1084 855 1142 Jonas
879 1095 1056 1141 autem
1099 1083 1359 1156 propheta
1404 1097 1510 1137 non
1541 1088 1648 1135 tam
1690 1092 1939 1134 sermone
1963 1077 2122 1133 Chri-

531 1183 674 1231 stum
708 1217 723 1241 ,
777 1192 935 1248 quam
987 1191 1083 1232 sua
1136 1174 1364 1245 quadam
1419 1173 1669 1243 passione
1726 1169 2067 1241 prophetavit
2099 1209 2115 1235 ,

528 1267 772 1338 profecto
818 1269 1093 1341 apertius,
1125 1284 1283 1339 quam
1329 1267 1375 1321 si
1418 1267 1534 1336 ejus
1565 1273 1789 1319 mortem
1838 1272 1896 1320 et
1938 1278 2120 1318 resur-

528 1360 822 1415 rectionem
850 1375 984 1416 voce
1024 1360 1302 1414 clamaret.
1334 1356 1532 1428 thuid
1558 1356 1700 1410 enim
1741 1364 2002 1424 exceptus
2040 1361 2124 1409 est

529 1457 722 1506 ventre
763 1450 1004 1506 belluino
1027 1492 1041 1515 ,
1074 1459 1127 1504 et
1169 1449 1256 1503 die
1301 1449 1459 1504 tertio
1486 1447 1724 1502 redditus
1749 1487 1764 1510 ,
1797 1447 1897 1501 nisi
1944 1454 2002 1500 ut
2043 1445 2120 1500 si-

527 1539 806 1608 gniﬁcaret
848 1541 1120 1596 Christum
1168 1540 1236 1595 de
1283 1539 1544 1611 profundo
1593 1537 1786 1593 inferni
1830 1538 1916 1593 die
1963 1537 2122 1592 tertio

525 1630 824 1688 rediturum
845 1633 868 1687 ?

596 1723 652 1778 5.
689 1722 806 1780 Joel
830 1725 1008 1780 omnia
1041 1736 1162 1795 qua:
1207 1723 1508 1794 prophetat,
1544 1722 1722 1785 multis
1764 1723 1938 1778 verbis
1962 1737 2114 1777 com-

525 1813 676 1884 pellit
701 1816 918 1885 exponi,
941 1824 999 1872 ut
1026 1830 1146 1886 quae
1179 1815 1446 1885 pertinent
1465 1814 1532 1869 ad
1553 1813 1821 1869 Christum
1852 1823 1907 1869 et
1928 1813 2118 1868 Eccle-

523 1906 658 1961 siam
683 1906 1029 1964 dilucescant.
1054 1908 1227 1963 Unum
1261 1918 1472 1974 tamen,
1502 1907 1645 1978 quod
1681 1908 1840 1962 etiam
1876 1906 2118 1976 Apostoli

524 2009 1101 2068 commemoraverunt,
1130 2000 1342 2070 quando
1371 2000 1421 2054 in
1450 2008 1799 2070 congregatos
1837 1998 2118 2052 credentes

522 2090 756 2162 Spiritus
793 2102 1029 2156 sanctus,
1074 2093 1208 2148 sicut
1257 2108 1284 2145 a
1315 2092 1530 2147 Christo
1577 2091 1869 2170 promissus
1908 2087 2114 2153 fuerat,

522 2183 752 2255 desuper
777 2185 922 2240 venit
944 2183 1080 2258 (Act.
1111 2201 1169 2252 ιι,
1202 2185 1285 2248 l7,
1311 2183 1426 2255 18),
1459 2199 1564 2237 non
1598 2181 2024 2252 przetermiltam.
2048 2179 2117 2234 Et

521 2277 636 2342 erit,
667 2277 857 2347 inquit,
877 2287 990 2348 post
1014 2277 1142 2342 Itwc,
1172 2286 1219 2330 et
1241 2273 1502 2343 e/fundam
1522 2274 1584 2327 de
1609 2272 1808 2344 Spiritu
1833 2289 1943 2327 meo
1963 2288 2118 2342 super

521 2385 718 2422 omnem
745 2385 950 2423 carnem
981 2383 1002 2422 :
1029 2377 1074 2422 et
1105 2365 1473 2438 propltetabunt
1499 2366 1595 2433 ﬁlii
1625 2364 1774 2418 vestri
1807 2373 1852 2418 et
1880 2364 2003 2432 filia:
2035 2379 2118 2416 ve-

521 2469 640 2513 stra:
658 2474 678 2523 ,'
716 2468 762 2512 et
790 2460 1011 2514 seniores
1037 2459 1186 2513 vestri
1215 2459 1412 2514 somnia
1449 2457 1796 2520 sontuiabuut,
1840 2463 1885 2508 et
1904 2455 2117 2526 juvenes

521 2553 671 2606 vestri
715 2553 818 2606 visa
846 2551 1082 2606 videbunt
1109 2567 1128 2608 :
1161 2563 1207 2606 et
1235 2551 1437 2622 quidem
1471 2551 1524 2603 in
1554 2565 1722 2603 servos
1762 2565 1897 2602 meos
1935 2558 1982 2602 et
2017 2564 2115 2602 an-

520 2643 668 2699 cillas
705 2660 844 2698 meas
889 2644 944 2698 in
985 2643 1090 2698 illis
1135 2643 1309 2699 diebus
1350 2641 1608 2710 eﬂ'undam
1650 2642 1714 2695 de
1760 2641 1961 2712 Spiritu
2006 2656 2117 2696 meo

523 2731 665 2804 (Joel
695 2751 751 2799 ιι,
783 2734 854 2789 28
881 2742 928 2788 et
955 2734 1070 2806 29).

523 2821 750 2880 CAPUT
773 2823 967 2878 XXXI.
985 2853 1056 2864 --
1075 2822 1202 2888 Quae
1226 2823 1277 2876 in
1305 2821 1488 2886 Abdia,
1522 2823 1574 2875 in
1605 2822 1795 2884 Naum,
1822 2829 1868 2874 et
1894 2821 2116 2876 Antbacu

573 2915 638 2969 de
660 2913 827 2969 salute
854 2915 1033 2968 mundi
1054 2915 1104 2967 in
1126 2913 1328 2969 Christo
1350 2914 1689 2984 pramuutiata
1713 2912 2051 2980 reperiantur.

591 3005 643 3060 1.
676 3004 808 3061 Tres
853 3005 1127 3076 pr0pheta:
1171 3003 1239 3059 de
1281 3003 1598 3067 minoribus,
1645 3004 1864 3070 Abdias,
1905 3005 2108 3070 Naum,

519 3107 550 3153 ι.
568 3097 812 3154 mbacum
833 3100 876 3162 ³,
903 3113 1002 3154 nec
1027 3114 1120 3153 sua
1147 3107 1382 3168 tempora
1404 3097 1588 3160 dicunt
1610 3097 1731 3170 ipsi,
1757 3113 1854 3155 nec
1875 3098 1927 3154 in
1949 3097 2116 3156 Chre-

519 3188 658 3244 nieis
684 3189 899 3245 Eusebii
927 3199 981 3250 et
1010 3189 1347 3266 Hieronymi,
1385 3189 1599 3261 quando
1639 3190 2074 3261 prophetaverint
2095 3231 2112 3257 ,

519 3279 790 3339 invenitur
818 3282 918 3356 (α).
950 3283 1151 3339 Abdias
1175 3284 1316 3338 enim
1349 3283 1554 3354 positus
1589 3291 1673 3337 est
1701 3283 1914 3352 quidem
1943 3282 2010 3337 ab
2035 3283 2114 3338 eis

520 3387 641 3432 cum
671 3377 913 3442 Michara,
947 3376 1039 3431 sed
1063 3393 1168 3430 non
1190 3389 1257 3430 eo
1283 3376 1424 3442 loco,
1453 3374 1542 3430 ubi
1574 3382 1826 3428 notantur
1853 3383 2110 3443 tempora,

520 3467 734 3539 quando
757 3467 1032 3523 Michazam
1054 3466 1401 3536 prnplietasse
1429 3481 1494 3520 ex
1517 3465 1630 3533 ejus
1653 3464 1844 3518 litteris
1865 3473 2074 3519 constat
2097 3482 2111 3517 :

519 3559 659 3630 quod
683 3575 867 3616 errore
887 3559 1206 3629 negligenter
1239 3554 1653 3612 describendum
1677 3557 1888 3612 labores
1910 3557 2114 3613 alienos

518 3652 767 3706 existim
806 3650 1112 3721 contigisse.
1141 3650 1287 3705 Duos
1323 3662 1453 3703 vero
1491 3648 1625 3702 alios
1667 3657 2113 3703 commemoratos

519 3744 574 3797 in
604 3741 874 3798 codicibus
894 3741 1280 3796 Chronicorum
1310 3753 1444 3809 quos
1470 3738 1774 3804 habuimus,
1805 3753 1910 3793 non
1935 3740 2113 3808 potni-

522 3847 643 3888 mus
688 3831 930 3888 invenire
959 3849 972 3885 :
1003 3840 1181 3886 tamen
1211 3831 1332 3900 quia
1374 3844 1581 3885 canone
1621 3832 1980 3896 continentur,
2014 3846 2114 3886 nec

519 3925 620 3995 ipsi
651 3933 862 3995 oportet
896 3933 1281 3994 praetereantur
1306 3938 1336 3978 a
1380 3921 1555 3979 nobis.
1587 3921 1818 3983 Abdias,
1851 3931 2111 3991 quantum

519 4016 588 4072 ad
615 4017 936 4086 scripturam
966 4016 1082 4086 ejus
1109 4017 1318 4079 attinet,
1343 4016 1580 4070 omnium
1611 4013 1958 4070 brevissimus
1983 4017 2113 4070 Pro.

520 4107 822 4179 phetarum,
851 4107 1106 4163 adversus
1131 4107 1414 4161 ldumaL-am
1440 4106 1695 4175 loquitur,
1725 4118 1936 4178 gentem
1963 4109 2112 4163 scili-

520 4214 608 4259 cet
636 4204 796 4268 Esau,
829 4219 896 4259 ex
921 4203 1129 4258 duobus
1155 4202 1176 4233 ³
1196 4201 1423 4272 geminis
1455 4201 1574 4256 filiis
1606 4201 1770 4266 Isaac,
1827 4205 2111 4274 nepotibus

523 4294 772 4362 Abraha‘,
801 4295 1020 4366 majoris
1053 4295 1198 4350 illius
1233 4295 1523 4362 reprobati.
1557 4295 1724 4348 Porro
1754 4295 1797 4348 si
1821 4294 2106 4352 Ιιιιιιιιιιιιιιιι

523 4389 684 4444 modo
711 4388 1016 4456 locutionis,
1043 4405 1148 4459 quo
1177 4386 1488 4458 intelligitur
1511 4403 1538 4440 a
1572 4392 1718 4455 parte
1747 4397 1914 4442 totum
1933 4431 1946 4451 ,
1971 4393 2112 4446 acci-

523 4479 732 4550 piamus
788 4482 1014 4551 positam
1071 4495 1192 4536 es$e
1244 4495 1339 4549 pro
1405 4479 1654 4549 gentibus
1709 4497 1723 4532 :
1773 4481 1842 4536 de
1899 4481 2110 4538 Christo

521 4586 813 4643 agnoscere
843 4588 1125 4644 possumus
1145 4572 1286 4643 quod
1313 4573 1387 4627 ait
1408 4571 1548 4627 inter
1569 4581 1782 4637 cretcra,
1808 4571 1873 4627 In
1899 4587 2065 4630 monte
2086 4575 2110 4609 ⁸

587 4729 602 4760 ι
629 4729 701 4778 sic
736 4728 1044 4793 manuscripti
1069 4727 1338 4793 secundum
1356 4733 1480 4776 LXX.
1507 4731 1563 4776 At
1583 4727 1716 4789 editi,
1738 4742 1885 4793 usque
1908 4729 1974 4780 ad
1989 4737 2108 4782 tem-

518 4803 608 4852 pus
623 4803 716 4849 quo
738 4789 1010 4853 parturiens
1030 4790 1198 4853 pariet.

585 4855 604 4883 ³
630 4859 678 4900 ιιι
699 4849 858 4909 editis,
887 4849 1092 4900 aliaeue.
1122 4859 1176 4900 At
1199 4857 1327 4909 Mss,
1354 4849 1628 4901 ambacum.

584 4914 604 4979 ξ
627 4915 760 4969 t‘diti,
777 4913 1009 4979 mlcet-sus
1031 4913 1293 4979 Idumwam
1313 4919 1500 4979 gentem
1517 4912 1741 4975 loquitur,
1761 4913 1944 4979 scilicet
1962 4923 2103 4979 Esau,

518 4973 661 5024 tutius
682 4987 744 5023 ex
765 4975 964 5031 duobus,
993 4981 1087 5023 etc.
1114 4973 1412 5035 castigantur
1435 4975 1492 5022 ad
1521 4973 1719 5024 veteres
1741 4977 1950 5026 codices.

626 5038 698 5084 sic
721 5037 1025 5096 manuscripti
1046 5037 1184 5097 juxta
1208 5043 1333 5083 LXX.
1360 5043 1413 5085 At
1431 5036 1565 5096 editi,
1593 5045 1886 5086 tumentem.

584 5120 655 5180 κη)
677 5119 1011 5180 Hieronymus,
1034 5117 1386 5180 Commentario
1411 5118 1470 5180 in
1516 5118 1726 5176 Abdiam,
1759 5137 1781 5164 ει
1804 5127 1998 5180 Hunc,»
2028 5123 2104 5171 in‘

515 5182 639 5244 quit,
672 5198 694 5244 ει
719 5191 831 5244 esse
854 5179 1222 5244 aiuntltebrzei,
1243 5180 1327 5240 qui
1347 5179 1441 5227 sub
1463 5192 1585 5241 rege
1627 5182 1846 5244 salutaria:
1871 5179 2028 5231 Achab
2052 5193 2105 5235 et.

523 5238 846 5305 dittqiissima
888 5238 1080 5289 Jezabel
1120 5238 1487 5301 favit—centum
1528 5238 1794 5305 prophetas
1839 5243 1885 5290 itt
1925 5256 2102 5305 specu-

520 5322 544 5350 ι
568 5305 689 5359 bus,
725 5304 807 5366 qui
851 5314 946 5350 non
984 5309 1310 5366 curvaverant
1343 5315 1475 5366 genu
1511 5310 1625 5351 ante
1665 5303 1824 5358 Baal,»
1867 5303 1965 5353 etc.—
2000 5309 2104 5357 Fuit

515 5379 636 5427 ergo
671 5364 817 5414 artato
841 5364 1067 5426 Josaphat
1107 5365 1242 5426 regis
1269 5364 1416 5420 Jtula,
1451 5377 1573 5427 rege
1598 5366 1865 5413 latinorum
1887 5367 2096 5417 't‘ibcrio.

513 5423 657 5476 mum
699 5435 864 5491 autem
916 5423 1198 5491 prophetam
1239 5423 1530 5491 Joseplitts;
1556 5423 1640 5472 lib.
1677 5428 1713 5491 _9
1752 5429 1906 5491 Attliq.
1950 5429 2054 5476 Jud.
2080 5464 2096 5489 ,

513 5503 616 5551 cap.
639 5491 715 5548 ll,
741 5489 764 5551 §
786 5489 842 5546 5,
867 5487 1031 5551 scribit
1066 5487 1214 5538 fuisse
1239 5487 1536 5551 tenuioribus
1571 5488 1767 5551 .toathan
1799 5487 1935 5551 regis
1956 5487 2094 5539 .tuda.

515 5549 836 5613 Deniqtte‘de
868 5550 1104 5612 propheta
1125 5553 1340 5600 llabacuc
1369 5549 1541 5613 dicitur
1563 5549 1773 5613 Danielis
1809 5549 1906 5607 me,
1930 5551 2093 5611 ,ΒΞ-58,

511 5614 638 5672 quod
653 5611 914 5674 prandium
937 5625 1078 5661 suum
1117 5627 1180 5662 ex
1204 5613 1318 5661 .tuda
1344 5611 1627 5675 Babylonem
1652 5611 1818 5662 tulerit
1839 5614 1899 5662 ad
1925 5616 2094 5662 Danie-

512 5679 641 5731 tetn;
669 5682 720 5723 et
743 5688 855 5721 eum
881 5681 1116 5737 tempore
1161 5674 1451 5737 captivitatis
1472 5674 1760 5737 Babylonica:
1783 5676 2092 5725 vaticinatum

671 5741 803 5840 ngtat
838 5736 1169 5799 Hieronymus,
1213 5744 1362 5798 atque
1392 5736 1446 5786 in
1482 5736 1770 5800 Babylonem
1789 5737 1937 5802 dirigi
1980 5741 2090 5802 ejus

546 5805 554 5817 '
611 5807 701 5840 Cllll
739 5826 752 5840 ο

545 5805 752 5841 auctura.

1605 325 1691 382 DE
1727 321 2046 382 CIVITATE
2089 323 2219 388 DEI,
2263 323 2321 380 S.
2361 326 2725 387 AUGUSTI!“
3636 355 3714 414 ω

2235 451 2406 533 autem
2432 443 2562 498 Sion
2588 446 2683 498 erit
2707 447 2867 514 salus,
2909 457 2955 504 et
2981 451 3072 506 erit
3109 461 3351 508 sanctum.
3377 455 3439 512 Et
3473 461 3598 527 paulo
3629 481 3718 533 post

2230 528 2284 585 in
2316 531 2421 588 fine
2449 533 2615 604 ipsius
2643 538 2937 607 prophetia:
2968 556 2983 594 :
3010 541 3079 596 Et
3103 545 3390 613 ascenderit,
3416 547 3574 620 inquit,
3599 528 3718 611 ruat.

2230 621 2333 681 vati
2355 638 2419 676 ea:
2446 634 2612 679 monte
2640 625 2790 692 Sion,
2823 637 2877 682 ut
2902 629 3171 699 defendant
3196 643 3405 688 montem
3428 637 3575 704 Esau,
3599 655 3636 696 et
3655 649 3721 701 ait

2232 709 2454 768 Domino
2488 731 2697 785 regnum
2733 716 2931 791 (Abdice
2959 722 3043 790 17,
3072 723 3135 778 2i
3163 763 3180 789 ,
3207 739 3306 780 sec.
3345 726 3515 800 LXX).
3547 733 3722 806 Apparet

2231 805 2425 876 quippe
2457 806 2511 862 id
2550 823 2669 866 esse
2692 813 3036 883 completum,
3073 833 3198 874 cum
3240 821 3470 877 resalvati
3501 841 3559 878 ex
3590 805 3720 888 me

2231 894 2386 991 Sion,
2425 897 2478 951 id
2517 909 2598 955 est
2634 915 2698 956 ex
2740 902 2944 970 Judaea,
2984 908 3268 965 credentes
3293 911 3344 967 in
3377 911 3630 984 Christum,
3661 924 3723 991 qui

2231 987 2494 1058 praecipue
2518 1002 2879 1061 agnoscuntur
2903 995 3148 1066 Apostoli
3169 1040 3183 1067 ,
3217 1003 3572 1071 ascenderunt,
3595 987 3724 1065 ut

2229 1076 2508 1136 fenderent
2537 1098 2661 1138 mon
2686 1099 2771 1139 em
2805 1087 2963 1142 Esau.
3000 1089 3282 1157 Quomodo
3308 1093 3639 1162 defenderent,
3659 1101 3726 1157 nisi

2228 1186 2325 1241 per
2352 1171 2625 1244 Evangelii
2653 1177 3083 1245 prtedicationem
3123 1184 3303 1239 salvos
3331 1187 3548 1244 faciendo
3573 1205 3648 1246 eos
3667 1193 3730 1261 qui

2229 1263 2590 1333 crediderunt,
2635 1276 2691 1322 ut
2715 1280 3036 1326 eruerentur
3063 1272 3136 1328 de
3164 1284 3422 1344 potestate
3446 1280 3728 1350 tenebrarum,

2229 1364 2283 1410 et
2307 1357 2719 1415 transferrentur
2747 1361 2800 1417 in
2824 1377 3048 1434 regnum
3079 1365 3178 1420 Dei
3196 1369 3218 1419 ’ἒ
3247 1367 3394 1436 Quod
3415 1383 3731 1442 consequenter

2227 1451 2493 1519 expressit
2512 1451 2780 1518 addendo,
2806 1453 2870 1509 Et
2896 1457 2987 1510 erit
3010 1456 3232 1512 Domino
3254 1477 3471 1530 regnum.
3491 1461 3615 1519 Mons
3632 1467 3733 1522 enim

2225 1539 2352 1595 Sion
2374 1541 2612 1598 Judmam
2642 1544 2924 1615 significat,
2948 1547 3036 1602 ubi
3063 1549 3244 1604 futura
3275 1552 3508 1620 praedicta
3524 1563 3592 1609 est
3611 1557 3735 1621 salus,

2226 1640 2279 1686 et
2304 1641 2569 1701 sanctum,
2589 1635 2728 1705 quod
2751 1644 2834 1691 est
2855 1636 3100 1694 Christus
3129 1638 3290 1694 Jesus
3312 1657 3325 1693 :
3351 1656 3494 1697 mons
3511 1659 3616 1699 vero
3633 1645 3734 1699 Esau

2224 1721 2455 1779 ldumzea
2487 1735 2571 1781 est
2591 1769 2605 1791 ,
2649 1742 2746 1796 per
2776 1744 2934 1799 quam
2972 1731 3277 1802 signiﬁcata
3304 1743 3385 1789 est
3417 1735 3616 1790 Ecclesia
3644 1755 3734 1806 gen-

2226 1815 2381 1883 tium,
2407 1833 2566 1886 quam
2605 1818 2976 1888 defenderunt,
3012 1823 3156 1878 sicut
3185 1826 3442 1894 exposui,
3471 1828 3670 1881 resalvati
3689 1844 3734 1883 ex

2224 1916 2406 1962 monte
2445 1907 2595 1974 Sion,
2635 1919 2691 1964 ut
2729 1919 2871 1966 esset
2912 1913 3143 1970 Domino
3181 1930 3422 1985 regnum.
3463 1916 3560 1973 Hoc
3599 1919 3732 1973 obscu-

2224 2013 2341 2051 rum
2359 2009 2492 2067 erat,
2518 2011 2799 2073 antequam
2824 2006 3006 2072 tieret;
3035 2007 3136 2062 sed
3165 2007 3359 2063 factum
3381 2010 3490 2080 quis
3507 2025 3592 2064 non
3613 2010 3733 2064 fidelis

2228 2094 2522 2159 agnoscat?

2306 2182 2361 2236 2.
2402 2182 2572 2238 Naum
2604 2201 2732 2240 vero
2759 2186 3036 2256 propheta,
3067 2188 3185 2244 imo
3211 2205 3313 2262 per
3339 2191 3476 2246 illum
3494 2191 3611 2245 Dens
3635 2189 3732 2244 τετ-

2223 2274 2519 2341 terminabo,
2544 2275 2733 2346 inquit,
2758 2277 3015 2349 sculptilia
3032 2289 3080 2333 et
3103 2282 3388 2351 conﬂatilia
3404 2298 3423 2336 :
3438 2299 3596 2352 ponam
3611 2284 3728 2352 sepul-

2225 2373 2391 2417 turam
2420 2375 2556 2419 tuam
2575 2383 2595 2420 :
2616 2369 2734 2438 quia
2756 2369 2945 2424 veloces
2968 2387 3075 2426 esse
3093 2389 3255 2443 super
3285 2385 3468 2427 montes
3487 2374 3611 2442 pedes
3633 2390 3731 2426 trea-

2220 2456 2503 2528 gelizantis,
2543 2467 2591 2511 et
2632 2461 2979 2515 annuntiantis
3017 2479 3222 2531 pacem.
3250 2463 3469 2529 Celebre,
3495 2461 3639 2529 ludo,
3658 2463 3730 2516 diu

2221 2547 2376 2616 festos
2417 2558 2564 2615 tuos,
2613 2551 2771 2605 redde
2815 2561 2932 2606 vota
2971 2563 3058 2606 tua
3089 2570 3110 2608 :
3140 2556 3263 2625 quia
3299 2557 3409 2620 jam
3438 2573 3528 2608 non
3560 2555 3732 2625 adjiciat

2221 2638 2376 2704 ultra,
2419 2650 2474 2692 ut
2509 2649 2767 2695 transeant
2808 2643 2862 2696 in
2903 2653 3231 2699 vetustatem.
3277 2645 3642 2699 Consummattun
3664 2653 3727 2710 est,

2223 2743 2574 2799 consumptum
2611 2743 2704 2796 est,
2738 2736 2962 2790 ablatum
3005 2746 3076 2790 est
3111 2738 3152 2790 ί.
3187 2738 3450 2803 Ascendit,
3475 2739 3551 2806 qui
3577 2739 3731 2806 ἰιιειιθιιι

2219 2821 2272 2874 in
2298 2823 2480 2892 facient
2503 2833 2660 2889 luant,
2708 2827 2924 2895 eripiens
2945 2837 2992 2880 te
3011 2843 3074 2881 ea;
3100 2827 3428 2882 tribulatione
3448 2827 3617 2900 (Nam
3637 2843 3664 2892 t,
3686 2827 3729 2882 ii

2220 2920 2264 2966 et
2294 2912 2394 2977 15;
2441 2929 2497 2977 ιι,
2534 2915 2585 2982 1,
2616 2932 2716 2970 sec.
2741 2915 2932 2986 LXX).
2958 2917 3088 2985 Quis
3110 2919 3418 2978 ascenderit
3440 2920 3501 2977 ah
3521 2918 3730 2984 inferis,et

2221 3006 2570 3064 insufflaverit
2597 3010 2650 3065 in
2681 3010 2873 3071 faciem
2899 3013 3069 3083 ludas,
3099 3017 3210 3073 hoc
3229 3027 3313 3072 est
3332 3016 3602 3072 Judmorum
3621 3012 3748 3088 disci-A

2219 3097 2489 3168 pulcrum,
2535 3104 2793 3174 Spiritum
2840 3118 3104 3173 sanctum,
3158 3109 3362 3164 recolat
3393 3110 3413 3140 ²
3445 3108 3524 3179 qui
3554 3103 3727 3162 meminit

2220 3191 2590 3262 Evangelium.
2616 3197 2695 3250 Ad
2718 3211 2911 3252 novum
2929 3201 3071 3253 enim
3093 3199 3495 3255 Testamentum
3515 3198 3724 3268 pertinent,

2219 3298 2444 3352 quorum
2488 3285 2604 3341 dies
2648 3285 2768 3342 festi
2801 3290 2870 3343 ita
2911 3288 3267 3360 spiritualiter
3295 3292 3602 3353 innovantur,
3632 3301 3672 3340 ιιι
3693 3286 3726 3337 in

2220 3385 2531 3430 vetustatem
2551 3379 2777 3434 transire
2793 3395 2897 3433 non
2919 3381 3145 3450 possint.
3171 3383 3337 3436 Porro
3354 3397 3446 3451 per
3464 3378 3726 3448 Evangelinm

2219 3469 2573 3522 exterminata
2597 3470 2862 3540 sculptilis
2890 3481 2943 3526 et
2969 3472 3285 3537 conﬂatilia,
3323 3474 3370 3528 id
3399 3483 3477 3528 est
3498 3472 3614 3527 idola
3635 3470 3726 3522 deae

2220 3571 2336 3610 rum
2363 3557 2640 3625 falsorum,
2667 3571 2721 3615 et
2748 3562 3001 3616 oblivioni
3028 3573 3283 3634 tanquam
3306 3564 3567 3635 sepultum
3593 3560 3725 3614 uadill

2215 3655 2326 3725 jam
2370 3653 2641 3715 videmus;
2673 3661 2728 3707 et
2765 3653 2903 3708 hanc
2942 3654 3098 3708 etiam
3143 3655 3200 3709 in
3242 3654 3340 3709 hac
3382 3669 3437 3709 re
3467 3651 3724 3724 prophetiam

2219 3745 2536 3814 completam
2558 3759 2677 3799 esse
2699 3745 3090 3814 cognoscimus.

2289 3837 2342 3891 5.
2379 3836 2670 3890 Ambacum
2697 3835 2764 3890 de
2788 3851 2894 3906 quo
2911 3837 3037 3900 alio,
3063 3853 3224 3907 quam
3252 3837 3319 3892 de
3340 3833 3519 3890 Christi
3535 3831 3722 3892 adventu,

2218 3929 2306 3998 qui
2338 3927 2546 3982 futurus
2583 3926 2774 3991 fuerat,
2823 3928 3136 3998 intelligitur
3177 3929 3390 3993 dicere,
3435 3925 3493 3979 Et
3530 3919 3724 3990 respondit

2223 4021 2468 4074 Dominus
2495 4020 2564 4073 ad
2588 4037 2687 4088 me,
2713 4031 2758 4074 et
2780 4021 2930 4085 dixit,
2965 4020 3146 4075 Scribe
3171 4023 3333 4074 visum
3361 4029 3517 4089 aperte
3539 4018 3582 4068 in
3605 4015 3720 4073 baro;

2218 4124 2274 4168 ul
2300 4123 2595 4184 assequatur
2617 4113 2703 4184 qui
2735 4114 2851 4184 legit
2877 4129 2936 4166 ea
2966 4129 2985 4167 :
3004 4114 3122 4184 quia
3152 4115 3320 4167 adhuc
3341 4113 3457 4166 visio
3479 4111 3538 4162 ad
3561 4118 3717 4173 lena-tt“,

2218 4217 2262 4261 ct
2288 4207 2477 4260 orietur
2503 4207 2555 4259 in
2583 4207 2704 4274 ﬁne,
2730 4215 2776 4258 et
2805 4222 2904 4258 non
2930 4205 2983 4258 in
3013 4221 3228 4259 vacuum
3253 4221 3273 4259 :
3299 4206 3342 4258 si
3366 4201 3616 4258 tardaverit.
3638 4207 3716 4247 stit-

2220 4301 2321 4352 tine
2349 4314 2496 4362 eum;
2523 4300 2640 4368 quia
2662 4298 2862 4352 veniens
2889 4298 3069 4363 veniet,
3095 4308 3140 4351 et
3168 4315 3269 4352 non
3297 4295 3548 4350 morabitur
3569 4287 3716 4362 (Πεδα-

2217 4407 2328 4456 cus,
2357 4406 2416 4456 ιι,
2448 4389 2483 4442 ‘2.
2505 4401 2553 4442 et
2579 4389 2676 4460 3)?

2217 4502 2442 4560 CAPUT
2469 4501 2688 4557 XXXII.
2712 4533 2782 4542 —
2803 4501 2880 4555 De
2909 4502 3176 4570 proiiltelia
3205 4517 3316 4571 qua:
3337 4501 3386 4553 in
3411 4494 3613 4551 Oratione
3632 4488 3710 4540 Am-

2625 4594 2753 4648 bacu
2781 4603 2826 4648 et
2855 4592 3064 4649 Cantica
3087 4595 3383 4647 continetur.

2286 4727 2345 4784 in
2373 4728 2625 4785 Oratione
2647 4737 2824 4781 autem
2856 4743 2949 4783 sua
2982 4743 3104 4782 cum
3132 4727 3382 4788 Cantica,
3424 4720 3496 4776 cui
3528 4715 3607 4772 nisi
3635 4712 3704 4765 Do-

2213 4826 2360 4880 mino
2385 4822 2599 4877 Christo
2625 4821 2773 4886 dicit,
2803 4819 3051 4882 Domine,
3085 4819 3257 4872 audivi
3289 4815 3563 4870 auditionem
3592 4817 3700 4860 tuam.

2211 4927 2261 4970 et
2301 4916 2482 4980 timui;
2520 4913 2753 4977 Domine,
2799 4911 3115 4965 consideravi
3159 4927 3320 4979 Opera.
3349 4919 3444 4971 tua,
3484 4913 3523 4955 et
3549 4889 3702 4965 expuli?

2212 5011 2334 5082 quid
2362 5011 2504 5064 enim
2530 5008 2630 5062 hoc
2652 5016 2754 5070 est,
2787 5005 2886 5060 nisi
2916 5005 3272 5076 praecognitas,
3301 5015 3456 5061 notae,
3477 5009 3529 5048 ac
3554 5001 3699 5082 repet:-

2211 5075 2335 5158 tina:
2364 5102 2551 5156 salutis
2577 5099 2849 5154 hominum
2882 5096 3164 5152 ineliabilis
3192 5089 3481 5150 admiratio?
3505 5085 3557 5139 In
3581 5075 3696 5174 audit

2209 5195 2424 5248 duorum
2464 5191 2760 5245 animalium
2789 5188 3125 5260 cognosceris,
3175 5185 3294 5257 quid
3323 5192 3412 5246 cst,
3454 5175 3537 5232 nisi
3568 5179 3632 5224 aut
3656 5179 3688 5216 ιη

2208 5285 2384 5341 medio
2411 5284 2636 5338 duorum
2659 5281 3148 5346 Testamentorttm,
3179 5288 3262 5332 a‘ut
3287 5277 3332 5330 in
3360 5268 3510 5327 medio
3527 5265 3687 5360 duorum

2209 5381 2495 5439 latronum,
2542 5386 2633 5430 aut
2673 5377 2725 5430 in
2774 5374 2955 5442 medio
3001 5375 3169 5446 Moysi
3208 5381 3258 5427 et
3293 5370 3409 5425 Elim
3439 5375 3538 5418 cum
3573 5368 3620 5409 co
3648 5363 3682 5400 ιη

2207 5481 2385 5526 monte
2416 5467 2926 5524 sermocinantium?
2952 5465 3085 5520 Dum
3112 5463 3483 5538 appropinquant
3500 5446 3609 5507 anni,
3626 5455 3684 5494 c0-

2266 5610 2282 5640 ί
2314 5606 2443 5670 Aput]
2469 5612 2577 5655 Lov.
2620 5605 2872 5670 omittitur,
2897 5603 3110 5653 ablatum
3143 5608 3240 5662 est;
3274 5595 3384 5660 quod
3406 5594 3446 5641 in
3478 5582 3590 5637 editis
3606 5575 3677 5624 aliis

2202 5680 2255 5724 et.
2275 5668 2612 5730 manuscriptis
2637 5668 2863 5730 habetur.
2922 5727 2932 5730 _
3000 5725 3014 5730 _
3183 5723 3209 5730 __
3233 5725 3240 5730 _
3369 5724 3380 5730 _
3471 5721 3482 5730 ’
3502 5704 3675 5730 mm“

2265 5708 2288 5765 ί
2295 5708 2897 5792 ίἶίῖῖνέὂῖἶὶιὶἶῆἰὲὶῖιὶιι
2915 5727 2932 5779 (
2939 5725 3035 5783 vel,
3064 5723 3245 5792 recolit)
3264 5724 3448 5769 sanctam
3466 5721 3482 5760 .’
3499 5711 3608 5770 11W
3619 5708 3652 5744 τί

2201 5808 2312 5846 cum
2337 5786 2679 5852 intut'lnttttztio,
2706 5799 2757 5840 et
2783 5803 2843 5839 ex
3001 5786 3267 5836 emendata.
