3882 6396
33 355 172 413 589

34 466 365 539 gzosceris;
396 468 448 522 in
479 467 692 522 adventu
720 468 960 541 temporis
987 469 1263 524 ostenderis
1291 469 1332 538 ⁸,
1360 484 1459 526 nec
1488 482 1657 539 expo-

40 565 316 613 nendum
343 568 444 613 est.
481 558 545 613 In
574 576 629 613 eo
660 560 781 612 dum
814 560 1112 613 conturbata
1140 560 1290 629 fuerit
1323 560 1497 614 anima
1524 575 1667 623 mea,

38 650 113 704 in
150 650 241 703 ira
271 650 634 704 misericordiw
670 666 861 703 memor
900 651 1031 715 eris,
1064 650 1190 719 quid
1233 658 1347 716 est,
1381 650 1481 704 nisi
1520 648 1664 720 quod

46 740 305 795 Judaeos
342 741 393 794 in
424 755 485 795 se
513 740 923 809 transﬁguravit,
956 755 1183 810 quorum
1210 742 1382 807 gentis
1428 739 1545 807 fuit,
1578 739 1669 809 qui

43 848 199 887 cum
236 848 431 902 magna
463 833 537 885 ira
584 832 775 886 turbati
820 834 1192 902 crueitigereut
1230 833 1534 899 Christum,
1578 833 1669 889 ille

48 923 472 977 misericordia:
496 938 701 976 memor
728 922 890 986 dixit,
922 922 1096 987 Pater,
1140 924 1340 993 ignosce
1379 924 1516 989 illis,
1548 923 1669 993 quia

52 1018 315 1070 nesciunt
333 1015 455 1086 quid
474 1016 667 1086 faciunt
692 1014 839 1085 (Luc.
863 1031 1013 1080 XXIII,
1043 1016 1133 1087 5-1)
1152 1016 1175 1067 ‘l
1196 1014 1335 1069 Deus
1358 1014 1419 1067 de
1440 1014 1668 1070 T/ieman

47 1108 259 1173 vestiet,
290 1119 339 1161 et
359 1116 562 1160 sanctus
586 1106 650 1159 de
676 1115 843 1159 monte
865 1105 1096 1159 umbroso
1126 1115 1170 1159 et
1206 1106 1478 1159 condenso.
1512 1105 1666 1173 Quod

42 1197 157 1252 hic
203 1198 410 1252 dictum
441 1206 553 1260 est,
602 1196 932 1251 deTheman
975 1197 1167 1261 veniet;
1196 1197 1285 1250 alii
1330 1198 1661 1265 interpretati

31 1298 198 1342 sunt
223 1288 288 1342 ab
310 1288 517 1355 Austro,
546 1288 629 1343 vel
651 1288 712 1341 ab
733 1288 906 1359 Africo
930 1286 1002 1357 (a)
1028 1305 1041 1335 ι
1070 1302 1161 1356 per
1184 1287 1321 1357 quod
1340 1289 1667 1357 signiﬁcatur

46 1378 354 1446 meridies,
386 1378 437 1433 id
459 1388 541 1434 est
567 1379 742 1433 fervor
762 1379 1034 1433 eharitatis
1055 1388 1108 1433 et
1132 1379 1384 1449 splendor
1404 1380 1663 1434 veritatis.

45 1473 311 1529 Montem
341 1488 469 1528 vero
495 1473 799 1539 umbrosum
828 1481 986 1541 atque
1023 1471 1377 1536 condensum,
1420 1472 1663 1542 quamvis

50 1566 258 1620 multis
316 1565 488 1621 modis
541 1566 703 1635 possit
753 1566 1007 1634 intelligi,
1060 1564 1309 1620 libentius
1361 1566 1660 1634 acceperim

52 1656 477 1726 Scripturarum
499 1655 833 1711 altitudinem
859 1657 1177 1721 divinarum,
1210 1656 1401 1726 quibus
1432 1656 1664 1726 prophes-

49 1758 215 1804 tatus
242 1757 330 1804 est
370 1748 636 1803 Christus.
678 1748 838 1803 Multa
868 1749 1065 1818 quippe
1108 1748 1184 1804 ibi
1224 1748 1472 1803 umbrosa
1503 1758 1663 1819 atque

45 1842 345 1898 condensa
387 1849 540 1905 sunt,
589 1850 709 1911 qua:
750 1850 983 1896 mentem
1026 1842 1316 1912 quatrcnlis
1353 1848 1660 1896 exerceant.

44 1936 197 1991 Inde
224 1945 406 1989 autem
433 1934 596 1999 venit,
619 1949 741 1989 cum
765 1934 835 1989 ibi
860 1950 1005 2001 eum,
1029 1934 1119 2005 qui
1144 1934 1408 2005 intelligit,
1434 1934 1661 1989 invenit.

48 2026 288 2097 Operuit
312 2027 462 2082 caelos
491 2027 648 2081 virtus
674 2028 803 2098 ejus,
829 2037 875 2081 et
903 2028 1073 2081 laudis
1098 2032 1206 2098 ejus
1233 2030 1381 2099 plena
1405 2038 1477 2082 est
1503 2037 1661 2094 terra,

42 2121 192 2191 quid
222 2130 331 2184 est,
360 2119 461 2175 nisi
488 2120 631 2189 quod
657 2121 820 2174 etiam
846 2121 897 2173 in
927 2120 1139 2174 Psalmo
1167 2120 1381 2187 dicitur,
1417 2120 1663 2176 Exaltare

42 2228 218 2280 super
235 2213 389 2265 catos
414 2212 458 2273 ⁸,
490 2209 649 2277 Deus,
675 2222 721 2263 et
750 2227 903 2280 super
928 2226 1127 2264 omnem
1150 2219 1335 2264 terram
1364 2209 1531 2283 gloria
1572 2221 1660 2265 tua

43 2301 241 2373 (Psal.
268 2318 375 2369 ινι,
403 2301 492 2372 6)?
524 2301 781 2373 Splendor
807 2302 916 2372 ejus
946 2311 1001 2355 ut
1038 2303 1209 2355 lumen
1243 2302 1357 2365 erit,
1387 2300 1514 2371 quid
1548 2311 1659 2369 est,

45 2396 162 2451 nisi
190 2436 205 2461 ,
250 2396 416 2451 Fama
460 2396 576 2464 ejus
617 2395 906 2451 credentes
957 2394 1314 2449 illuminabit?
1363 2395 1564 2448 Cornua
1606 2395 1661 2449 in

44 2487 305 2541 "mnibus
334 2487 442 2555 ejus
472 2494 625 2553 sunt,
653 2485 781 2555 quid
812 2495 914 2551 est,
943 2486 1045 2540 nisi
1073 2494 1329 2555 tropmum
1360 2486 1570 2541 crucis?
1593 2484 1662 2539 Et

48 2582 236 2651 posuit
280 2580 577 2634 charitatem
620 2579 821 2649 ﬁrmam
856 2579 1172 2649 fortitudinis
1198 2595 1323 2645 sum,
1356 2594 1453 2633 nec
1491 2594 1661 2648 expo-

46 2668 306 2729 nendum
332 2678 434 2728 est.
464 2671 593 2726 Ante
616 2670 803 2744 faciem
822 2670 932 2741 ejus
958 2669 1046 2723 ibit
1067 2670 1290 2736 verbum,
1320 2680 1366 2722 et
1390 2668 1587 2740 prodiet
1608 2669 1663 2724 in

52 2782 305 2836 tanipum
332 2773 441 2837 post
474 2765 623 2835 pedes
658 2768 789 2836 ejus,
825 2762 952 2834 quid
995 2770 1097 2827 est,
1132 2762 1230 2815 nisi
1259 2759 1402 2832 quod
1431 2770 1485 2815 et
1512 2770 1662 2815 ante-

53 2875 229 2929 quam
266 2858 367 2912 buc
395 2859 619 2922 veniret,
659 2858 1047 2928 prasnnntiatus
1077 2863 1190 2921 est;
1220 2862 1275 2909 et
1312 2864 1659 2924 posteaquam

54 2949 193 3003 hinc
235 2964 490 3004 reversus
533 2957 634 3015 est,
675 2949 1022 3002 annuntiatus
1064 2951 1182 3002 est?
1224 2945 1395 3013 Stetit,
1439 2954 1485 3001 et
1524 2953 1658 3002 terra

64 3050 337 3095 commota
372 3048 465 3105 est,
494 3039 621 3109 quid
663 3048 778 3103 est,
816 3039 915 3093 nisi
946 3039 1079 3092 stetit
1107 3038 1173 3092 ad
1203 3038 1654 3106 subveniendum;

55 3140 105 3185 et
148 3141 291 3185 terra
318 3140 567 3185 commota
606 3141 678 3185 est
721 3130 787 3184 ad
815 3129 1182 3185 credendum?
1222 3130 1462 3199 Respexit
1498 3139 1543 3183 et
1578 3138 1656 3184 ta-

57 3223 280 3277 buerunt
306 3233 479 3293 gentes
503 3238 521 3276 :
545 3221 645 3277 hoc
674 3232 774 3285 est,
800 3222 1049 3276 misertus
1072 3229 1172 3283 est,
1197 3230 1251 3275 et
1280 3220 1403 3274 fecit
1434 3221 1656 3291 pepnlns

57 3314 403 3383 paenitentes.
450 3312 665 3368 Contr-ili
701 3322 815 3365 sunt
856 3321 1045 3366 montes
1087 3311 1323 3365 violentia
1354 3329 1366 3366 :
1404 3310 1507 3365 hoc
1535 3319 1652 3377 est,

57 3410 172 3461 vim
196 3405 511 3460 facientibus
540 3406 829 3470 miraculis,
862 3405 1121 3459 elatorum
1163 3406 1390 3458 contrita
1432 3412 1515 3458 est
1559 3418 1653 3457 su-

58 3494 270 3563 perbia.
298 3496 635 3566 Deﬂuxerunt
664 3498 818 3551 colles
847 3497 1117 3550 azlernales
1138 3510 1157 3549 :
1190 3497 1290 3549 hoc
1329 3504 1442 3559 est,
1475 3494 1652 3548 lIumi-

60 3587 179 3642 liati
206 3597 328 3642 sunt
355 3589 421 3641 ad
453 3598 681 3657 tempus,
706 3598 764 3642 ut
794 3589 1125 3657 erigerentur
1154 3588 1203 3641 in
1240 3595 1522 3642 mternnm.
1556 3587 1653 3643 In-

57 3696 265 3751 gressus
292 3690 503 3733 teternos
538 3680 648 3750 ejus
678 3696 770 3750 pro
807 3679 1060 3733 laboribus
1095 3679 1198 3732 vidi
1226 3694 1243 3731 :
1280 3678 1379 3733 hoc
1413 3690 1516 3745 est,
1548 3696 1653 3734 non

57 3776 182 3828 sine
222 3773 468 3829 mercede
500 3773 814 3827 auernitatis
855 3773 1090 3826 laborem
1133 3771 1408 3826 charitatis
1446 3771 1649 3841 aspexi.

59 3864 414 3919 Tabernacnta
454 3862 764 3933 .Elhiopum
813 3872 1141 3932 cxpavescent
1169 3904 1183 3927 ,
1229 3872 1275 3915 et
1328 3862 1653 3917 tabernacula

63 3966 214 4009 terrae
250 3954 461 4008 Madian
494 3954 639 4009 :boc
669 3964 769 4019 est,
822 3964 1011 4025 gentes
1054 3963 1272 4023 repente
1300 3954 1320 3984 ³
1358 3954 1651 4023 perterrita:

61 4048 253 4101 nuntio
292 4047 613 4101 mirabilinm
654 4054 888 4111 tuorum,
933 4046 1091 4099 etiam
1129 4061 1248 4115 qua:
1290 4060 1395 4099 non
1434 4056 1557 4099 sunt
1596 4046 1647 4098 in

57 4141 183 4208 jure
212 4138 451 4193 Romano
471 4180 484 4202 ,
527 4149 686 4193 erunt
720 4139 771 4192 in
820 4139 1013 4207 populo
1043 4138 1354 4191 christiano.
1386 4136 1649 4207 Numquid

60 4230 115 4282 in
143 4230 429 4297 fluminibus
454 4230 613 4283 iratus
639 4246 710 4295 es,
739 4228 970 4294 Domine,
1001 4228 1161 4281 autin
1183 4228 1476 4298 ﬂuminibus
1504 4231 1649 4299 furor

65 4333 203 4385 tuus,
232 4322 305 4374 vel
333 4323 385 4373 in
414 4322 542 4374 mari
578 4322 791 4391 impetus
820 4322 975 4373 tuus?
1014 4320 1125 4373 lloc
1152 4319 1274 4374 ideo
1304 4320 1501 4374 dictum
1529 4328 1644 4385 est,

63 4416 184 4483 quia
217 4430 323 4468 non
350 4415 493 4469 venit
532 4429 673 4468 nunc
705 4413 985 4484 utjndicet
1014 4413 1293 4479 mundum,
1324 4412 1416 4467 sed
1453 4422 1509 4466 ut
1534 4412 1645 4466 sal-

65 4517 214 4561 vetur
243 4507 469 4560 mundus
487 4523 580 4576 per
602 4507 773 4577 ipsum
804 4504 982 4576 (Joan.
1014 4520 1087 4567 ιιι,
1116 4503 1224 4575 17).
1254 4504 1386 4571 Quia
1405 4503 1644 4557 ascendes

65 4617 212 4670 super
233 4616 384 4670 equos
410 4610 556 4662 tuos;
579 4610 625 4654 et
651 4600 887 4670 equitatio
914 4609 999 4653 tua
1017 4599 1154 4653 salus
1178 4615 1194 4651 :
1222 4599 1321 4651 hoc
1347 4606 1447 4659 est,
1470 4597 1645 4651 Evan-

64 4694 261 4763 gelista:
306 4693 379 4747 tui
426 4692 718 4764 portabunt
770 4701 841 4755 te,
886 4693 975 4761 qni
1020 4691 1041 4722 ⁵
1085 4700 1339 4761 reguntur
1381 4705 1409 4742 a
1453 4698 1541 4754 te;
1588 4697 1645 4744 et

122 4816 137 4839 ι
163 4813 228 4855 Ita
251 4807 300 4854 in
323 4812 425 4855 Mss.
468 4812 522 4855 Αι
545 4806 593 4854 in
618 4805 814 4854 excusis
848 4811 973 4866 post,
1012 4799 1312 4866 ostenderis,
1339 4800 1444 4866 haec
1468 4799 1643 4861 legun-

60 4877 163 4931 tur:
193 4876 288 4916 Hoc
310 4868 422 4929 quia
438 4881 525 4931 per
549 4880 600 4917 se
624 4873 767 4929 patet,
784 4862 877 4931 non
900 4864 1271 4931 exponendum;
1294 4862 1556 4931 quodvero
1571 4874 1642 4931 se:

58 4928 236 4993 qnizur,
254 4923 607 4993 exponendum,
625 4923 687 4976 'tn
704 4923 763 4976 eo
790 4926 907 4993 dum
930 4923 1228 4993 conturbata,
1255 4933 1370 4981 etc,
1386 4924 1487 4993 nisi
1511 4923 1639 4986 quod

57 4984 181 5055 apud
208 4984 441 5053 bovfpost
466 4984 684 5050 verbum,
712 4988 942 5055 sequitur,
962 4989 1121 5045 deest,
1143 4984 1511 5055 exponendum.
1528 4984 1543 4986 “
1579 5044 1609 5055 η

116 5058 135 5086 ²
172 5060 300 5113 Lov.,
322 5044 465 5116 super
498 5044 851 5102 omnescazlos.
878 5044 1041 5110 Abest,
1066 5044 1257 5107 omnes,
1285 5060 1313 5096 a
1348 5048 1540 5097 caeteris
1579 5044 1639 5095 li-

112 5182 133 5211 ³
168 5173 271 5227 Sola
296 5176 442 5225 editio
463 5181 593 5234 Lov.,
619 5174 879 5236 repentino.

108 5240 133 5274 δ
167 5241 240 5289 sic
261 5246 365 5288 Mss.
392 5245 447 5288 At.
484 5237 616 5296 editi,
648 5237 777 5299 quia.

107 5305 189 5365 (α)
216 5296 729 5365 ι’ττειει-ίδρριιιαιζίιιὶα,
755 5318 776 5345 ι
796 5306 846 5365 et
868 5296 1052 5365 aquila.
1072 5312 1093 5340 ι
1126 5296 1281 5365 inquit
1302 5296 1635 5365 ttieronymus,

54 5385 74 5413 s
99 5359 490 5432 et'Symmachu's
509 5370 565 5432 et_
576 5359 740 5432 quinta
761 5359 982 5432 editioni
1000 5373 1105 5407 sum
1144 5359 1425 5432 hebraieum
1444 5368 1636 5432 posue-

50 5446 73 5475 ι
96 5421 232 5476 ιουιηῖ
255 5424 389 5474 Solus
407 5421 669 5486 't‘heodotio
690 5425 804 5486 quid
828 5421 1121 5486 signiﬁcaret
1154 5421 1364 5486 Tlteman
1392 5421 1636 5486 interpre-

49 5510 71 5535 ι
98 5499 233 5539 tatus
250 5488 523 5543 estdicens,
556 5484 607 5535 rb
645 5478 791 5534 Ius'tro
810 5478 911 5534 veni
942 5490 974 5537 t,
996 5490 1039 5531 et
1058 5487 1249 5531 sanctus
1264 5481 1323 5530 de
1346 5485 1499 5543 monte
1515 5478 1636 5526 Μια-

50 5572 71 5599 ι
93 5563 209 5601 run.
236 5566 255 5591 ι
282 5549 410 5597 idem
429 5542 743 5612 Hieronymus
766 5549 813 5595 in
837 5546 965 5594 Locis
983 5545 1223 5612 hebraicis
1250 5558 1261 5591 :
1292 5561 1314 5612 et
1328 5542 1635 5612 :l'llCItlallnEtl-

51 5634 69 5659 ο
96 5600 187 5674 pio
209 5612 471 5674 principum
504 5600 630 5659 Edon
664 5611 716 5674 in;
751 5617 880 5657 terra
914 5603 1507 5674 ~(;e_b‘.Ilitica,_a'l‘hemaq
1536 5600 1633 5674 lilio

51 5634 69 5659 ο
100 5627 187 5674 git)
226 5625 471 5671 )rlltClpum
504 5625 630 5659 won
664 5625 711 5657 111
751 5625 880 5657 terra
920 5625 1198 5663 UHDLIIIUUJ,
1234 5625 1259 5653 ξι
1306 5625 1507 5651 ιιιυιιωιι
1537 5625 1633 5671 ιιιιυ

49 5696 67 5721 ς
97 5625 314 5738 tllypliaz,
337 5673 419 5721 lilii
443 5678 590 5738 Esau,
607 5672 772 5721 sortita
798 5667 1106 5738 vocabulum;
1132 5667 1221 5738 sed
1238 5673 1289 5738 et
1312 5678 1469 5738 usque
1484 5664 1633 5738 hodie

49 5757 71 5784 ι
100 5730 308 5787 es't'villa
332 5737 525 5782 nomine
544 5734 775 5789 ‘t'heuian,
798 5732 983 5781 distans
1020 5731 1081 5794 ab
1106 5730 1226 5794 urbe
1252 5735 1391 5776 Petra
1410 5730 1632 5794 quinque

48 5820 69 5845 ι
98 5785 368 5849 millibus...
408 5796 662 5845 Sciendum
700 5785 866 5843 autem
909 5791 1037 5854 quod
1073 5792 1224 5839 omnis
1247 5785 1469 5838 australis
1492 5785 1632 5847 regio

47 5881 73 5910 ι
98 5860 317 5911 Πρω-πίε
336 5859 545 5908 Theman
560 5859 750 5907 dicitur.
772 5872 793 5901 ιι
822 5861 934 5903 tam.
959 5862 979 5899 \
993 5867 1109 5901 mas.

1248 354 1447 413 LIBER
1489 354 1780 413 DECIMUS
1816 352 2156 415 OCTAVUS.

3254 362 3359 417 590

1781 466 2123 538 Evangehum
2165 477 2313 525 tuum
2358 468 2503 529 salus
2545 477 2629 529 est
2665 469 2773 539 eis,
2807 471 2896 543 qui
2935 470 3159 527 credunt
3200 472 3253 529 in
3283 484 3357 530 to.

1775 557 2054 614 lntendens
2099 560 2329 615 intendes
2376 577 2552 616 areum
2593 572 2737 617 tuum
2778 580 2930 634 super
2972 574 3191 635 sceptra,
3236 566 3360 620 dicit

1774 649 2025 706 Dominus
2071 667 2091 706 :
2136 651 2239 707 hoc
2288 659 2389 719 est,
2446 653 2860 711 comminaberis
2903 654 3159 725 judicium
3205 666 3357 711 tuum

1774 744 1936 797 etiam
1959 742 2173 813 regibus
2198 751 2378 799 terra}.
2407 743 2730 801 Fluminibus
2758 747 3018 802 scindetur
3048 758 3183 802 terra
3213 766 3226 803 :
3258 749 3361 804 hoc

1773 844 1879 900 est,
1910 834 2252 890 inﬂuentibus
2293 837 2634 891 sermonibus
2662 838 3069 907 przedicantium
3106 847 3159 895 te
3179 881 3193 907 ,
3228 854 3359 910 ape-

1772 925 1978 980 rientur
2001 926 2068 980 ad
2110 926 2474 983 conﬁtendum
2505 927 2779 983 hominum
2824 929 2985 983 corda
3008 971 3022 995 ,
3059 930 3253 1000 quibus
3278 929 3359 983 di-

1774 1026 1918 1070 ctum
1940 1026 2040 1082 est,
2059 1016 2287 1072 Scindite
2302 1018 2455 1071 corda
2469 1029 2649 1085 vestra,
2664 1029 2711 1073 et
2722 1037 2819 1074 non
2837 1023 3124 1074 vestimenta
3143 1020 3195 1093 (.l
3204 1023 3282 1075 oel
3301 1038 3359 1087 II,

1772 1106 1882 1178 15).
1917 1107 2053 1176 Quid
2101 1118 2202 1173 est,
2242 1107 2489 1163 Videbunt
2522 1118 2597 1174 te,
2640 1119 2686 1163 et
2726 1110 2963 1165 dolebant
3000 1112 3211 1182 populi,
3258 1111 3361 1167 nisi

1771 1207 1829 1251 ut
1857 1199 2087 1268 lugendo
2113 1200 2218 1252 sint
2246 1199 2418 1253 beati?
2445 1200 2581 1265 Quid
2612 1210 2713 1266 est,
2746 1200 3047 1272 Dispergens
3082 1218 3239 1270 aquas
3270 1202 3355 1257 in-

1771 1305 1914 1343 cessu
1946 1291 1987 1355 ί,
2016 1290 2115 1344 nisi
2163 1290 2487 1345 ambulando
2530 1291 2581 1344 in
2621 1291 2700 1345 cis
2744 1292 2834 1360 qui
2880 1301 2932 1345 te
2977 1308 3361 1363 usquequaque

1771 1382 2107 1445 annuntiaut,
2135 1382 2233 1435 hac
2260 1392 2417 1452 atque
2440 1382 2539 1435 hac
2558 1381 2821 1452 dispergis
2847 1382 3041 1437 ﬂuenta
3068 1383 3359 1439 doctrinm?

1768 1468 1906 1536 Quid
1937 1479 2038 1537 est,
2073 1472 2297 1542 Abyssus
2333 1473 2469 1526 dedit
2507 1489 2677 1526 vocem
2702 1474 2975 1527 suam?an
3015 1472 3353 1543 profunditas

1770 1562 1948 1616 cordis
1977 1562 2197 1616 humani
2228 1563 2355 1633 quid
2396 1563 2444 1617 ei
2481 1562 2753 1617 videretur
2790 1563 3091 1633 expressit?
3122 1565 3356 1618 Altitudo

1772 1654 2061 1724 phantasia:
2078 1671 2202 1721 suae,
2232 1664 2484 1726 tanquam
2511 1670 2697 1710 versus
2718 1656 3014 1726 superioris
3039 1664 3122 1711 est
3146 1658 3361 1725 exposi-

1769 1746 1881 1812 tio;
1911 1745 2135 1801 altitudo
2161 1748 2301 1800 euim
2329 1755 2411 1801 est
2429 1746 2674 1817 abyssus.
2703 1746 2854 1813 Quod
2876 1756 3054 1801 autem
3075 1748 3169 1813 ait,
3192 1748 3358 1816 phan-

1768 1840 1912 1894 tasite
1940 1855 2065 1905 sum,
2095 1839 2520 1895 subaudiendum
2550 1848 2668 1905 est,
2704 1855 2871 1893 vocem
2897 1840 3078 1893 dedit:
3108 1839 3210 1895 hoc
3237 1850 3355 1905 est,

1768 1931 1910 2002 quod
1932 1932 2185 1995 diximus,
2208 1932 2337 2003 quid
2369 1933 2416 1988 ei
2449 1932 2721 1987 videretur
2750 1933 3033 2002 expressit.
3073 1933 3357 1992 Phantasia

1766 2023 1963 2094 quippe
1992 2024 2128 2079 visio
2166 2032 2269 2090 est,
2300 2039 2457 2095 quam
2487 2040 2591 2079 non
2621 2026 2809 2091 tenuit,
2847 2040 2950 2079 non
2991 2027 3226 2095 operuit,
3254 2026 3353 2082 sed

1766 2114 2070 2169 conﬁtendo
2100 2116 2378 2170 eructavit.
2413 2114 2649 2169 Eleuatus
2686 2125 2758 2169 est
2781 2114 2878 2181 sol,
2913 2125 2959 2169 et
2991 2117 3111 2170 luna
3136 2118 3270 2171 stetit
3299 2118 3355 2172 in

1766 2207 1946 2261 ordine
1971 2223 2063 2261 suo
2092 2222 2112 2260 :
2137 2206 2237 2261 hoc
2267 2216 2372 2271 est,
2413 2206 2652 2261 ascendit
2679 2206 2926 2263 Christus
2955 2208 3006 2261 in
3037 2207 3230 2263 omium
3252 2247 3268 2275 ,
3298 2217 3355 2264 et

1766 2298 2006 2355 ordinata
2038 2310 2120 2355 est
2165 2299 2406 2355 Ecclesia
2438 2300 2537 2353 sub
2568 2316 2691 2368 rege
2727 2314 2845 2354 suo.
2885 2298 2951 2353 lu
2988 2302 3149 2353 lucem
3175 2301 3357 2371 jacula

1766 2398 1853 2444 tua
1880 2390 2024 2444 ibunt
2053 2408 2072 2445 :
2111 2391 2213 2446 hoc
2241 2400 2355 2457 est,
2397 2406 2501 2446 non
2543 2392 2595 2446 in
2626 2392 2892 2446 occultum
2914 2433 2926 2453 ,
2961 2393 3056 2447 sed
3088 2393 3139 2447 in
3164 2394 3355 2455 mani-

1764 2480 1962 2537 festum
1991 2484 2152 2538 verba
2184 2491 2273 2537 tua
2306 2484 2601 2537 mittentur.
2642 2481 2708 2536 In
2749 2484 3070 2552 splendorem
3107 2500 3347 2539 corusca-

1765 2572 1916 2626 tionis
1956 2590 2212 2626 armorum
2254 2583 2453 2626 tuorum
2491 2589 2510 2627 :
2544 2574 2972 2628 subaudiendum
3020 2584 3137 2644 est,
3171 2576 3356 2647 jacula

1765 2672 1851 2716 tua
1873 2664 2032 2718 ibunt.
2066 2665 2280 2719 Dixerat
2310 2665 2451 2720 enitn
2483 2666 2615 2732 suis,
2646 2666 2774 2734 Qua:
2814 2666 2927 2719 dico
2958 2666 3093 2722 vobis
3127 2669 3180 2721 in
3212 2678 3351 2723 tene-

1765 2754 1888 2823 bris,
1918 2756 2069 2810 dicite
2090 2758 2139 2813 in
2163 2758 2355 2813 lumine
2382 2757 2593 2828 (Matth.
2633 2774 2691 2825 x,
2723 2758 2840 2827 27).
2869 2757 2934 2812 In
2966 2760 3355 2816 comminatione

1762 2847 2039 2901 minorabis
2064 2858 2251 2902 terram
2277 2864 2295 2902 :
2324 2849 2373 2903 id
2400 2859 2500 2913 est,
2524 2849 2899 2904 comminando
2930 2850 3230 2907 buntiliabis
3251 2853 3352 2905 bo-

1761 2939 1954 2996 mines.
1990 2938 2053 2993 Et
2083 2941 2134 2994 in
2172 2942 2345 3010 furore
2384 2941 2587 3011 dejicies
2617 2951 2789 3012 gentes
2822 2959 2840 2996 :
2869 2944 2991 3013 quia
3036 2960 3131 3000 eos
3156 2946 3245 3015 qui
3290 2961 3350 3002 se

1761 3034 2019 3099 exaltant,
2049 3032 2370 3091 vindicando
2398 3033 2643 3092 collides.
2674 3032 2839 3093 Eﬁsti
2861 3035 2914 3087 iu
2933 3035 3149 3089 salutem
3172 3037 3351 3112 populi

1762 3127 1856 3191 tui,
1881 3128 2115 3181 utsalvos
2136 3128 2330 3196 faceres
2353 3129 2373 3159 ²
2398 3128 2612 3181 cltristos
2639 3138 2752 3183 tuos
2774 3128 2879 3200 (a);
2900 3130 3082 3183 misisti
3108 3132 3159 3184 in
3179 3133 3349 3201 capita

1759 3221 2047 3287 iniquorum
2070 3230 2277 3273 mortem
2299 3235 2316 3273 :
2336 3220 2467 3274 nihil
2494 3220 2681 3275 horum
2710 3231 2793 3276 est
2812 3222 3206 3291 exponendum.
3238 3223 3343 3279 Ea:-

1759 3312 1925 3365 citasti
1950 3312 2151 3365 vincula
2192 3328 2348 3381 usque
2383 3312 2451 3364 ad
2485 3310 2692 3365 collum.
2726 3313 2791 3367 Et
2836 3313 2973 3367 bona
3006 3314 3093 3368 bic
3123 3320 3349 3384 possunt

1759 3403 1982 3473 intelligi
2011 3404 2218 3457 vincula
2252 3404 2558 3473 sapientia),
2604 3413 2661 3458 ut
2705 3404 3008 3475 injiciuntur
3036 3405 3058 3437 ³
3090 3408 3251 3473 pedes
3291 3410 3346 3462 in

1757 3494 2044 3565 compedes
2072 3494 2209 3564 ejus,
2238 3504 2291 3549 et
2311 3496 2503 3549 collum
2536 3495 2585 3548 in
2616 3505 2859 3565 torquem
2891 3498 3028 3563 ejus.
3054 3495 3346 3552 Prwcidisti

1756 3586 1809 3640 in
1848 3596 2054 3655 stupore
2089 3588 2269 3640 mentis
2313 3585 2770 3650 :snbaudiamus,
2802 3588 3001 3640 vincula
3036 3602 3055 3641 :
3090 3588 3347 3643 excitavit

1757 3678 1899 3731 enim
1922 3678 2079 3741 bona,
2111 3676 2351 3745 prmeidit
2380 3676 2538 3741 mala,
2572 3676 2637 3730 de
2668 3677 2861 3747 quibus
2890 3678 2938 3731 ei
2967 3677 3181 3743 dicitur,
3217 3678 3339 3734 Dis-

1755 3769 1939 3839 rupisti
1962 3769 2164 3823 vincula
2197 3785 2305 3821 mea
2336 3767 2505 3835 (Psal.
2536 3784 2657 3834 cxv,
2689 3769 2776 3839 16)
2812 3786 2824 3821 :
2857 3782 2908 3823 et
2934 3768 3035 3823 hoc
3059 3768 3112 3823 in
3137 3780 3343 3839 stupore

1756 3862 1957 3927 mentis,
1982 3859 2033 3913 id
2060 3870 2161 3926 est,
2188 3859 2524 3914 mirabiliter.
2553 3858 2735 3928 Capita
2764 3861 3039 3929 potentium
3071 3864 3343 3915 movebun-

1755 3960 1837 4005 tur
1875 3952 1927 4005 in
1967 3968 2025 4004 ea
2068 3966 2087 4005 :
2126 3952 2178 4005 in
2219 3966 2279 4006 ea
2310 3956 2331 3987 ἰ
2375 3952 2582 4005 scilicet
2622 3950 2995 4005 admiratione.
3035 3952 3343 4021 Adaperient

1755 4061 1951 4098 morsus
1971 4060 2106 4105 suos,
2131 4044 2259 4096 sicut
2277 4044 2425 4097 edens
2442 4060 2539 4113 pun
2546 4060 2633 4111 per
2647 4042 2902 4096 abseonse.
2927 4042 3173 4098 Potentes
3194 4044 3338 4099 enim

1754 4137 1967 4208 quidam
1991 4136 2299 4190 Judmorum
2342 4135 2630 4189 veniebant
2655 4134 2720 4188 ad
2750 4134 3030 4188 Dominum
3056 4136 3188 4189 facta
3219 4138 3336 4205 ejus

1752 4238 1805 4283 ct
1835 4227 1995 4281 verba
2028 4228 2225 4291 mirati,
2258 4235 2312 4280 et
2341 4226 2643 4279 esurientes
2672 4240 2861 4295 panem
2894 4225 3151 4279 doctrina:
3179 4242 3334 4280 man-

1755 4320 2024 4376 dueabant
2064 4320 2325 4374 absconse
2369 4326 2586 4387 prepter
2617 4326 2814 4371 metum
2843 4316 3169 4383 Jndteorum,
3199 4318 3339 4371 sicut

1751 4430 1843 4471 eos
1873 4414 2103 4485 prodidit
2128 4413 2470 4483 Evangelium
2500 4410 2673 4485 (Joan.
2702 4427 2813 4473 XIX,
2840 4410 2952 4478 58).
2978 4408 3046 4463 Et
3072 4411 3326 4463 immisisti

1750 4509 1802 4562 in
1825 4524 1963 4561 mare
1988 4523 2139 4577 equos
2166 4514 2277 4559 tuos
2306 4504 2565 4558 turbantes
2604 4519 2762 4572 aquas
2793 4501 2979 4556 multas
3010 4519 3027 4556 :
3052 4518 3170 4572 quae
3201 4503 3331 4556 nihil

1750 4609 1874 4655 sunt
1904 4597 2066 4660 aliud,
2091 4612 2249 4667 quam
2280 4594 2459 4665 populi
2493 4593 2658 4649 mulli.
2702 4593 2815 4647 Non
2845 4594 2984 4648 enim
3024 4594 3111 4647 alii
3143 4595 3335 4648 timore

1750 4697 2207 4753 converterentur,
2228 4687 2315 4740 alii
2346 4685 2527 4741 furore
2551 4692 3017 4755 persequerentur,
3034 4685 3134 4741 nisi
3152 4700 3340 4741 omnes

1752 4783 2115 4837 turbarentur.
2151 4779 2438 4841 Observavi,
2472 4787 2520 4831 et
2559 4778 2757 4847 expavit
2786 4786 2955 4831 venter
2981 4794 3120 4831 meus
3151 4796 3181 4831 a
3220 4796 3340 4832 voce

1749 4875 1991 4930 orationis
2018 4874 2266 4928 labiorum
2296 4886 2521 4924 meorum
2552 4888 2565 4923 :
2597 4880 2645 4922 ct
2672 4869 2891 4922 introivit
2922 4878 3107 4923 tremor
3137 4870 3188 4923 in
3223 4887 3339 4924 ossa

1749 4983 1877 5031 mea,
1901 4975 1947 5019 et
1975 4965 2145 5018 subtus
2182 4978 2261 5017 me
2282 4961 2481 5015 turbata
2503 4970 2573 5013 est
2604 4960 2843 5013 habitudo
2867 4977 2996 5013 mea.
3030 4960 3257 5015 lntcndit
3288 4962 3342 5017 in

1748 5074 1811 5113 ea
1843 5073 1960 5127 quin
1987 5055 2218 5120 dicebat,
2249 5062 2301 5107 et
2342 5053 2454 5122 ipsa
2485 5067 2577 5105 sna
2610 5061 2692 5104 est
2722 5037 2970 5105 oratione
2998 5054 3335 5121 perterritus,

1745 5166 1906 5221 quam
1939 5147 2251 5220 prophetiee
2273 5145 2547 5211 fundebat,
2571 5153 2623 5200 et
2647 5144 2698 5197 in
2726 5158 2827 5215 qua
2861 5144 3031 5198 futura
3060 5144 3335 5200 cernebat.

1808 5351 1823 5382 ¹
1862 5349 2013 5397 Editio
2035 5355 2164 5407 t.ov.,
2192 5344 2447 5409 Disperqcs
2486 5358 2634 5409 aquas
2658 5342 2706 5391 ln
2731 5341 2933 5409 incessu.
2962 5343 3245 5393 Emendatur
3269 5350 3335 5397 ex

1743 5412 1886 5478 editis
1909 5412 2015 5459 aliis
2029 5418 2082 5478 _et
2103 5406 2457 5478 manuscriptis,
2470 5406 2647 5470 quibus
2668 5406 2991 5467 suifragantur
3004 5408 3334 5468 septuaginta.

1804 5477 1823 5507 ⁸
2015 5477 2183 5522 factus.

1806 5477 1823 5507 ³
1908 5488 1918 5493 _
2103 5474 2110 5478 .

1806 5537 1827 5569 ³
1856 5474 2401 5592 Edistifilt‘ttil'inciantur.
2429 5532 2591 5592 Aptius
2608 5536 2770 5576 autem
2795 5535 2921 5585 Mss,
2956 5535 3005 5577 ut
3027 5525 3326 5589 injicitmtur.

1804 5598 1827 5630 ι
1861 5599 2139 5659 ltepelimus
2163 5596 2255 5647 hic.
2278 5591 2327 5642 in
2345 5606 2419 5651 ea,
2441 5591 2581 5653 juxta
2603 5599 2970 5651 Inanuserwtos,
2989 5592 3117 5653 quod
3142 5593 3205 5640 ab
3226 5604 3327 5640 sm.

1740 5665 1813 5708 Er.
1841 5667 1891 5708 et
1915 5668 2021 5708 I.ov.
2048 5669 2277 5707 omissum
2302 5663 2395 5703 est.

1802 5723 1875 5783 (a)
1897 5723 1970 5770 Sic
1986 5719 2251 5769 secundum
2284 5713 2537 5783 Lxx_[egit
2562 5715 2707 5783 etiam
2730 5712 3053 5783 Tertullianus
3076 5716 3123 5763 in
3138 5714 3269 5783 libro
3292 5716 3323 5762 4

1739 5774 1903 5832 contra
1935 5785 2237 5837 htarcionem,
2260 5790 2366 5839 cap.
2390 5774 2487 5824 39$
2509 5783 2574 5839 De
2610 5774 2813 5837 reliquis
2845 5776 3323 5837 interpretationibus

1740 5846 1976 5897 videndus
2000 5837 2389 5905 ttieronyntus‘ad
2414 5839 2539 5888 hunc
2563 5837 2733 5887 locum.
2761 5848 3008 5893 eaqueus.
