3826 6484
562 370 657 435 691

558 488 813 544 Turbatis
840 488 980 543 enim
1017 484 1226 557 populis
1251 481 1433 537 multis
1451 521 1465 547 ,
1494 479 1627 534 vidit
1669 478 2012 533 imminentes
2039 474 2141 529 Ec-

557 580 742 635 clesiae
771 578 1161 643 tribulationes,
1203 574 1564 638 continuoque
1594 585 1653 625 se
1688 569 1987 623 membrum
2030 565 2147 634 ejus

558 672 798 740 agnovit,
841 680 1001 740 atque
1041 669 1135 736 ait,
1183 667 1512 736 Requiescam
1549 680 1602 717 tn
1641 663 1724 716 die
1765 658 2101 714 tribulationis
2128 672 2147 710 :

557 771 813 832 tanquam
838 761 903 815 ad
929 776 1023 816 eos
1047 761 1340 830 pertinens,
1365 757 1453 827 qui
1477 763 1599 809 sunt
1629 769 1723 823 Spe
1748 751 2058 822 gaudentes,
2094 749 2145 803 in

558 855 906 910 tribulatione
948 854 1210 925 patientes
1241 851 1414 921 (Rom.
1464 864 1560 914 xu,
1604 846 1716 917 l2).
1751 845 1817 900 Ut
1853 844 2143 907 ascendam,

558 946 767 1017 inquit,
815 948 867 1001 in
912 938 1156 1017 populum
1206 939 1619 1014 peregrinationis
1660 953 1785 991 mea:
1828 953 1846 989 :
1888 934 2146 990 recedens

560 1038 746 1109 utique
791 1053 821 1092 a
866 1037 1065 1107 populo
1095 1036 1328 1104 maligno
1366 1031 1597 1088 carnalis
1636 1027 1969 1099 cognationis
2009 1041 2143 1091 sum,

558 1144 669 1185 non
711 1130 1085 1200 peregrinante
1125 1128 1176 1181 in
1206 1126 1305 1181 hac
1332 1136 1493 1189 terra,
1524 1137 1701 1191 neque
1737 1133 2019 1189 supernam
2050 1131 2145 1186 pa-

559 1220 718 1274 triam
760 1220 1087 1289 requirente.
1130 1217 1379 1283 Quoniam
1418 1215 1566 1283 ﬁcus,
1604 1210 1794 1281 inquit,
1833 1226 1932 1263 non
1970 1207 2147 1275 a/feret

559 1312 770 1383 (ructus,
814 1319 861 1363 et
902 1326 1002 1363 non
1028 1316 1169 1362 erunt
1212 1307 1493 1360 nativitates
1538 1305 1591 1357 in
1630 1302 1782 1356 vineis
1830 1315 1847 1353 :
1880 1300 2147 1352 mentietur

558 1420 688 1474 Opus
714 1404 878 1466 olivw,
914 1412 960 1454 et
990 1400 1155 1469 campi
1181 1416 1281 1452 non
1320 1398 1502 1469 facient
1528 1411 1711 1448 escam.
1742 1391 2044 1463 Defecerunt
2084 1389 2145 1442 ab

561 1509 672 1546 esca
703 1509 833 1555 oues,
860 1502 905 1546 et
946 1508 1045 1544 non
1073 1498 1342 1559 supersunt
1384 1488 1436 1539 in
1464 1484 1772 1555 prwsepibus
1813 1484 1975 1535 boves.
2005 1479 2144 1533 Vidit

560 1598 676 1637 eam
702 1592 933 1652 gentem,
963 1596 1081 1652 qua:
1108 1580 1382 1635 Christum
1422 1578 1593 1632 luerat
1635 1577 1897 1637 occisura,
1927 1574 2143 1627 uberta-

559 1682 669 1729 tem
694 1674 965 1744 copiarum
992 1671 1342 1742 spiritualium
1372 1670 1721 1739 perdituram,
1753 1682 1884 1737 quas
1915 1681 2010 1735 per
2040 1675 2144 1718 ter-

558 1781 745 1821 renam
789 1764 1163 1821 fecunditatem
1210 1778 1359 1817 more
1406 1761 1719 1832 prophetico
1764 1759 2025 1828 ﬁguravit.
2080 1758 2145 1810 Et

557 1858 682 1925 quia
728 1856 862 1910 iram
892 1856 981 1910 Dei
1016 1855 1174 1910 talem
1221 1862 1505 1923 propterea
1551 1867 1701 1922 passa
1736 1858 1818 1905 est
1860 1850 1946 1903 illa
1988 1864 2137 1919 gens,

559 1948 683 2017 quia
712 1948 803 2002 Dei
836 1947 1085 2017 ignorans
1107 1945 1363 2015 justitiam
1386 1987 1399 2008 ,
1428 1959 1578 1998 suam
1615 1942 1779 1996 voluit
1816 1941 2143 1995 constituere

560 2037 671 2108 (Id.
705 2055 759 2102 Χ,
793 2038 869 2107 3),
914 2038 1014 2091 iste
1042 2036 1315 2099 continuo,
1353 2034 1463 2103 Ego
1508 2044 1695 2097 autem,
1727 2032 1916 2102 inquit,
1948 2031 1999 2083 in
2032 2030 2133 2082 Do-

560 2129 698 2181 mino
725 2127 1003 2191 exsultabo,
1036 2126 1261 2197 gaudebo
1283 2126 1333 2178 in
1356 2124 1464 2177 Deo
1495 2124 1709 2177 salutari
1737 2138 1863 2174 meo.
1892 2119 2143 2174 Dominus

554 2220 695 2275 Deus
715 2236 852 2274 meus
874 2221 1027 2273 virtus
1054 2236 1183 2284 mea,
1211 2228 1391 2271 statuet
1423 2216 1573 2287 pedes
1598 2231 1731 2268 meos
1755 2214 1805 2267 in
1826 2229 2143 2268 consumma-

558 2311 778 2377 tionem;
802 2327 955 2380 super
978 2310 1173 2363 eatcelsa
1211 2309 1429 2377 imponet
1456 2322 1554 2370 me,
1577 2315 1629 2359 ut
1650 2306 1845 2358 vincam
1869 2306 1921 2357 in
1946 2303 2140 2357 cantico

556 2405 665 2473 ejus
687 2403 955 2473 (IIabacuc
978 2401 1077 2471 Ill),
1110 2401 1313 2455 scilicet
1339 2400 1429 2453 illo
1456 2399 1692 2462 cantico,
1724 2398 1791 2451 de
1816 2411 1922 2467 quo
1950 2395 2141 2449 similia

555 2496 801 2566 quaedam
838 2496 1090 2549 dicuntur
1133 2494 1184 2547 in
1226 2493 1438 2547 Psalmo
1471 2509 1485 2546 :
1514 2492 1709 2545 Statuit
1749 2506 1905 2559 supra
1949 2500 2142 2558 petram

554 2590 705 2657 pedes
748 2605 904 2655 meos,
942 2596 989 2640 et
1016 2587 1198 2639 direxit
1233 2602 1433 2657 gressus
1460 2598 1619 2649 meos;
1664 2591 1710 2636 et
1751 2583 1956 2636 immisit
1994 2583 2045 2635 in
2086 2598 2141 2635 os

554 2700 718 2735 meum
733 2682 982 2735 canticum
996 2696 1197 2745 novum,
1213 2681 1452 2749 hymnum
1472 2677 1576 2729 Deo
1590 2685 1759 2729 nostro
1772 2675 1787 2743 (
1800 2674 1978 2729 Psal.x
1990 2690 2138 2739 xxrx,

556 2776 652 2829 ὕει
672 2773 748 2846 4).
782 2774 900 2843 Ipse
924 2789 1052 2843 ergo
1077 2772 1240 2827 vineit
1271 2772 1321 2825 in
1350 2771 1558 2825 cantico
1590 2769 1823 2835 Domini,
1850 2768 1938 2838 qui
1967 2766 2142 2837 placet

558 2870 614 2925 in
650 2869 764 2938 ejus
796 2867 973 2929 laude,
1008 2882 1115 2921 non
1154 2881 1279 2933 sua,
1324 2875 1379 2918 ut
1410 2864 1496 2934 qui
1525 2863 1795 2933 gloriatur,
1827 2862 1879 2914 in
1918 2859 2141 2913 Domino

562 2961 807 3032 glorietur
837 2958 891 3031 (I
921 2958 1039 3012 Cor.
1072 2974 1108 3025 ι,
1144 2955 1257 3029 51).
1299 2957 1486 3011 Melius
1514 2965 1691 3032 autem
1732 2952 1861 3007 mihi
1894 2951 2143 3006 videntur

555 3051 768 3121 quidam
802 3048 1014 3104 codices
1064 3050 1281 3114 trahere,
1326 3046 1567 3101 Caudebo
1610 3030 1661 3099 in
1698 3045 1807 3099 Deo
1850 3043 1976 3098 Jesu
2008 3058 2138 3109 meo,

553 3157 712 3213 quam
742 3142 794 3196 hi
826 3142 915 3211 qui
945 3141 1185 3196 volentes
1215 3140 1267 3193 id
1298 3139 1458 3193 latine
1483 3152 1705 3208 ponere,
1735 3152 1930 3191 nomen
1964 3136 2134 3205 ipsum

554 3252 660 3303 non
688 3243 1003 3305 posuerunt,
1032 3234 1175 3305 quod
1202 3241 1284 3289 cst
1308 3232 1463 3287 nobis
1490 3230 1713 3286 amicius
1735 3239 1788 3284 et
1808 3229 2018 3284 dulcius
2044 3243 2142 3283 no-

553 3328 779 3383 minare.

554 3437 780 3493 CAPUT
819 3435 1059 3491 XXXIII.
1082 3466 1153 3475 —-
1182 3435 1256 3489 De
1290 3434 1490 3491 Christo
1530 3445 1578 3489 et
1615 3433 1871 3488 vocatione
1909 3432 2143 3487 Gentium

624 3546 739 3598 qua:
778 3528 1026 3583 Jeremias
1062 3540 1107 3583 et
1149 3528 1441 3599 Sophonias
1478 3527 1770 3599 pr0phetico
1806 3524 2004 3596 Spiritu
2044 3525 2145 3577 sint

629 3623 852 3693 prazfati.

628 3740 680 3794 l.
738 3739 997 3794 Jeremias
1050 3736 1306 3807 propheta
1360 3735 1427 3791 de
1478 3734 1770 3803 majoribus
1828 3742 1953 3801 est,
2006 3732 2144 3786 sicut

555 3832 751 3895 Isaias;
798 3845 903 3885 non
933 3829 999 3884 de
1040 3830 1355 3893 minoribus,
1409 3829 1547 3883 sicut
1585 3828 1786 3893 caueri,
1818 3826 1884 3881 dc
1914 3840 2143 3896 quorum

554 3923 768 3992 scriptis
806 3923 1057 3977 nonnulla
1080 3922 1190 3990 jam
1233 3922 1404 3990 posui.
1448 3920 1789 3990 Pr0phetavit
1831 3930 2009 3974 autem
2055 3935 2144 3974 re-

526 4012 752 4084 gnante
775 4014 919 4069 Josia
968 4014 1019 4067 in
1045 4012 1363 4077 Jerusalem,
1410 4022 1463 4066 et
1498 4012 1637 4080 apud
1687 4011 1956 4065 Romanos
1996 4012 2146 4064 Anco

553 4106 765 4173 Martio,
804 4105 912 4175 jam
943 4105 1334 4175 pr0pinquante
1366 4104 1670 4173 captivitate
1699 4102 2013 4158 Iudaeorum
2044 4102 2143 4173 (a).

555 4198 805 4254 'l'etendit
831 4206 1008 4253 autem
1037 4196 1396 4266 pr0phetiam,
1433 4210 1601 4265 usque
1626 4194 1692 4249 ad
1721 4194 1963 4264 quintum
1992 4209 2149 4248 men-

558 4305 670 4345 sem
723 4288 1048 4359 captivitatis
1087 4305 1100 4341 :
1139 4288 1278 4342 sicut
1325 4288 1375 4340 in
1426 4286 1542 4356 ejus
1582 4285 1772 4339 litteris
1824 4284 2144 4339 invenimus.

558 4380 863 4452 SOpbonias
901 4388 1077 4433 autem
1118 4394 1256 4433 unus
1300 4376 1367 4431 de
1415 4377 1709 4432 minoribus
1740 4375 2047 4445 adjungitur
2073 4374 2143 4429 ei.

560 4472 695 4526 Nam
742 4480 796 4526 et
835 4472 947 4540 ipse
994 4470 1049 4523 in
1086 4469 1276 4524 diebus
1318 4468 1479 4523 JOsiae
1527 4467 1880 4538 prOpItetasse
1923 4482 1981 4522 se
2020 4467 2150 4522 dicit

563 4563 822 4633 (Sophon.
851 4577 888 4627 ι,
920 4562 976 4631 1)
1003 4579 1015 4615 :
1043 4561 1135 4616 sed
1162 4576 1460 4631 quousque,
1490 4576 1595 4615 non
1626 4559 1772 4614 dicit.
1804 4559 2150 4629 Prophetavit

559 4672 686 4727 ergo
719 4654 998 4719 Jeremias,
1031 4669 1137 4707 non
1180 4653 1352 4707 solum
1382 4652 1512 4707 Anci
1550 4652 1745 4717 Martii,
1778 4667 1961 4706 verum
1988 4652 2147 4705 etiam

561 4744 832 4815 Tarquinii
874 4743 1040 4797 Prisci
1084 4742 1430 4811 temporibus,
1474 4757 1634 4810 quem
1676 4741 1903 4796 Romani
1949 4740 2150 4796 habite.

557 4843 688 4889 runt
723 4835 967 4905 quintum
998 4849 1201 4904 regem.
1231 4833 1347 4903 Ipse
1374 4834 1540 4899 enim,
1572 4832 1785 4903 quando
1823 4842 1906 4888 est
1934 4834 2021 4889 illa
2060 4849 2149 4888 ca-

561 4927 775 4995 ptivitas
803 4924 960 4991 facta,
988 4939 1212 4995 regnare
1240 4924 1347 4993 jam
1371 4934 1630 4996 cceperat.
1663 4925 1996 4995 Pr0phetans
2021 4942 2148 4996 ergo

562 5016 630 5070 de
651 5015 865 5070 Christo
902 5015 1184 5081 Jet'etnias,
1217 5015 1465 5084 Spiritus,
1498 5016 1687 5085 inquit,
1720 5018 1823 5070 oris
1854 5019 2011 5070 nostri
2044 5017 2149 5072 Do-

560 5123 726 5161 nnnus
752 5106 978 5159 Christus
1017 5116 1197 5177 captus
1219 5116 1293 5160 est
1323 5108 1374 5162 in
1394 5110 1609 5179 peccatis
1631 5109 1815 5161 nostris
1840 5107 2048 5178 (Tltren.
2070 5126 2141 5174 Iv,

558 5198 652 5267 ΞΟ)
682 5215 697 5264 ;
730 5198 807 5253 sic
849 5197 1085 5253 breviter
1121 5200 1428 5264 ostendens,
1475 5210 1529 5255 et
1577 5200 1858 5253 Dominum
1904 5209 2145 5255 nostrum

559 5289 854 5354 Christum,
885 5297 939 5343 et
966 5305 1181 5359 passum
1211 5304 1331 5343 esse
1362 5306 1461 5360 pro
1489 5291 1662 5343 nobis.
1696 5291 1822 5344 ltern
1851 5290 1956 5344 alio
1985 5291 2103 5347 loco
2130 5310 2141 5346 :

565 5382 665 5438 IIic
706 5381 845 5437 Deus
890 5399 1050 5449 meus,
1095 5381 1283 5452 inquit,
1324 5391 1371 5435 et
1409 5398 1509 5436 non
1538 5383 1867 5436 wstimabitur
1912 5386 2039 5437 alter
2077 5384 2146 5438 ad

626 5519 698 5584 (a)
722 5520 957 5584 teremias
981 5518 1184 5584 primum
1209 5519 1433 5584 Innotuit
1458 5518 1662 5580 Epistola
1685 5533 1828 5581 quam
1852 5523 2041 5584 scripsit
2069 5524 2143 5572 eis

560 5582 643 5645 gui
671 5581 910 5645 Babylone
932 5581 978 5626 in
994 5582 1267 5645 captivitate
1290 5580 1555 5639 degebant.
1598 5580 1715 5645 "ac
1739 5580 2141 5645 tipistola‘scripla

556 5639 650 5689 fuit
680 5639 804 5688 anno
824 5641 916 5688 599
939 5639 1061 5689 ante
1074 5642 1310 5707 Christum
1334 5650 1513 5707 natum,
1550 5643 1639 5691 sed
1670 5639 1783 5704 jam'
1804 5639 2141 5707 quindecinius

556 5712 711 5767 anuus
734 5710 839 5750 erat
863 5715 924 5751 ex
959 5716 1055 5763 quo
1076 5704 1224 5751 Josias
1254 5705 1548 5753 occubuerat
1587 5717 1632 5752 In
1668 5704 1835 5767 pugna
1862 5716 2029 5757 contra
2053 5716 2142 5755 ac-

556 5760 677 5831 chao
700 5774 870 5831 regem
896 5760 1099 5824 .irzgirpti,
1138 5778 1316 5825 nempe
1352 5778 1477 5814 armo
1500 5767 1586 5815 (ill
1613 5781 1624 5816 :
1651 5760 1701 5819 et
1724 5760 1836 5819 ὤιιο
1855 5771 2139 5831 't'arquinius

559 5824 743 5867 Priscus
767 5830 870 5871 erat
893 5831 1204 5873 Romanorum
1226 5824 1336 5877 rex.
1363 5833 1596 5879 uncum.

1621 367 1709 423 DE
1748 361 2065 423 CIVITATE
2104 362 2237 429 DEI,
2279 362 2337 419 S.
2379 361 2738 421 AUGUSTINI
3663 375 3741 433 δῖα

2258 488 2370 530 eum
2400 476 2519 544 :qui
2554 475 2739 529 invenit
2774 490 2967 529 onmem
2993 475 3126 530 viam
3161 476 3445 545 prudentia,
3472 490 3515 532 et
3533 481 3641 535 dedit
3663 501 3743 539 ears

2253 565 2413 619 Iacob
2450 583 2602 621 puero
2638 582 2751 633 suo,
2798 577 2846 621 et
2886 566 3045 623 Israel
3096 568 3280 623 dilecto
3314 587 3402 625 suo
3427 584 3559 641 :post
3597 577 3680 630 hac
3707 582 3745 633 is

2263 658 2429 709 terra‘
2482 658 2613 712 risus
2662 666 2754 723 est,
2807 666 2855 712 et
2902 675 3012 713 cum
3064 660 3343 715 hominibus
3388 676 3661 719 conwsatus
3698 681 3746 722 est

2259 749 2484 819 (Baruch
2539 766 2614 815 tu,
2658 750 2858 821 56-58).
2907 750 3016 806 [Ioc
3059 753 3415 807 testimonium
3459 756 3641 822 quidam
3674 776 3746 815 non

2254 841 2521 906 Jercrnize,
2561 841 2655 897 sed
2698 842 2888 897 scriba:
2926 842 3039 912 ejus
3085 844 3395 909 attribuunt,
3421 846 3503 913 qui
3531 848 3749 903 vocabatur

2254 931 2460 987 Baruch
2492 951 2504 986 :
2538 931 2632 987 sed
2680 932 2925 988 Jeremize
2970 934 3296 988 celebratius
3338 935 3561 991 habetur.
3599 938 3750 996 Ilursm

2254 1022 2392 1077 idem
2437 1024 2693 1094 prOpIieta
2735 1025 2804 1079 de
2843 1026 2993 1094 ipso:
3024 1024 3183 1090 Ecce,
3226 1027 3407 1096 inquit,
3453 1028 3546 1081 dies
3584 1033 3751 1099 mnium,

2253 1116 2325 1167 ait
2353 1114 2619 1179 Dominus,
2644 1126 2691 1170 et
2719 1117 2967 1170 suscitabo
3011 1116 3184 1170 David
3210 1134 3407 1187 germen
3425 1119 3617 1188 justam,
3645 1132 3680 1174 et
3697 1140 3753 1176 rc-

2253 1207 2426 1275 gnabit
2467 1223 2576 1272 rex,
2609 1216 2655 1260 et
2691 1208 2894 1277 sapiens
2923 1209 3032 1271 erit,
3060 1216 3111 1261 et
3150 1208 3304 1277 faciet
3321 1209 3556 1277 judicium
3589 1221 3625 1263 et
3641 1214 3756 1280 justi-

2254 1297 2374 1347 tiam
2396 1297 2446 1349 in
2472 1306 2629 1350 terra.
2668 1296 2733 1351 In
2770 1298 2941 1351 diebus
2965 1298 3068 1352 illis
3094 1298 3378 1351 salvabitur
3403 1299 3548 1365 Iuda,
3572 1311 3612 1355 et
3640 1300 3757 1357 Israel

2253 1386 2492 1440 habitabit
2533 1388 2839 1457 conﬁdenter
2865 1404 2885 1442 :
2910 1398 2955 1443 et
2986 1389 3081 1442 hoc
3111 1400 3187 1443 est
3217 1406 3395 1443 nomen
3431 1393 3552 1457 quod
3575 1394 3758 1447 uocabunt

2251 1493 2384 1541 eum,
2430 1476 2675 1531 Dominus
2692 1480 2867 1549 justus
2910 1488 3079 1533 noster
3108 1478 3324 1551 (Jerem.
3372 1496 3511 1545 nul,
3551 1481 3681 1551 5,6).
3708 1483 3759 1538 De

2250 1571 2527 1625 vocatione
2556 1571 2714 1626 etiam
2741 1572 2999 1642 gentium,
3026 1588 3153 1643 qua:
3209 1572 3381 1627 fuerat
3407 1574 3561 1628 futura
3595 1574 3655 1645 (et
3677 1590 3759 1629 eam

2250 1679 2392 1719 nunc
2434 1664 2702 1734 impletum
2742 1666 3034 1733 cernimus)
3082 1666 3168 1721 sic
3208 1666 3414 1721 locutus
3452 1675 3560 1720 est:
3586 1665 3759 1734 Domine,

2249 1754 2388 1809 Deus
2426 1773 2563 1809 meus
2591 1765 2637 1810 et
2677 1758 2929 1827 refugium
2973 1774 3147 1812 meum
3184 1758 3240 1812 in
3279 1758 3361 1811 die
3396 1760 3634 1826 malorum,
3660 1760 3710 1810 ad
3730 1770 3762 1813 te

2248 1859 2419 1919 gentes
2447 1850 2640 1903 venient
2675 1850 2737 1903 ab
2757 1859 2977 1903 extremo
3012 1860 3187 1914 terrae,
3217 1859 3267 1904 et
3290 1851 3451 1903 dicent
3481 1865 3497 1903 :
3528 1848 3633 1904 Vere
3661 1867 3761 1903 ruen-

2251 1938 2399 1991 dacia
2431 1939 2692 1992 coluerunt
2727 1950 2895 2010 patres
2937 1941 3101 1993 nostri
3136 1941 3433 2006 simulacra,
3474 1951 3518 1995 et
3554 1943 3759 1994 noncstin

2246 2031 2350 2085 illis
2389 2031 2704 2103 utilitas(Id.
2729 2050 2835 2099 xvr,
2868 2034 2979 2105 19).
3020 2034 3163 2101 Quia
3207 2050 3338 2090 vero
3388 2050 3486 2089 non
3526 2044 3758 2090 erantcum

2247 2124 2684 2193 agnituriJudzei,
2710 2141 2739 2180 a
2768 2127 2959 2195 quibus
2989 2142 3117 2182 eum
3150 2137 3208 2183 et
3239 2128 3410 2183 occidi
3433 2127 3683 2196 oportebat,
3706 2129 3757 2185 sic

2248 2214 2388 2269 idem
2439 2216 2695 2286 propheta
2748 2218 3051 2289 significat:
3078 2218 3253 2273 Grave
3299 2236 3387 2273 cor
3428 2238 3511 2291 per
3552 2222 3697 2281 omnia,
3726 2231 3755 2274 ct

2247 2306 2394 2360 homo
2412 2317 2501 2371 est,
2528 2317 2573 2361 et
2588 2310 2698 2380 quis
2714 2320 2976 2379 cognoscet
2996 2328 3113 2365 eum
3133 2310 3249 2382 (Id.
3269 2328 3400 2374 xm,
3427 2311 3477 2375 9,
3506 2328 3591 2364 sec.
3616 2310 3753 2377 LXX)?

2249 2400 2417 2468 llujns
2446 2408 2529 2455 est
2566 2401 2726 2454 etiam
2762 2401 2889 2455 illud
2916 2402 3058 2472 quod
3104 2404 3161 2456 in
3196 2404 3334 2457 libro
3367 2402 3563 2458 decimo
3597 2403 3756 2470 septimo

2246 2493 2396 2563 posui
2425 2492 2492 2547 de
2518 2492 2861 2547 Testamento
2883 2508 3021 2547 novo
3046 2494 3210 2563 (Cap.
3242 2495 3323 2563 5),
3354 2494 3499 2563 cujus
3521 2502 3591 2547 est
3614 2494 3754 2546 media-

2248 2591 2332 2637 tor
2355 2582 2619 2637 Christus.
2660 2583 2777 2652 Ipse
2815 2583 3011 2653 quippe
3039 2583 3313 2639 Jeremias
3344 2584 3437 2650 ait,
3467 2583 3580 2637 Ecce
3599 2584 3679 2635 dies
3700 2598 3756 2633 rc-

2246 2676 2409 2738 niunt,
2434 2676 2554 2729 dicit
2579 2675 2847 2741 Dominus,
2880 2685 2925 2729 et
2946 2678 3317 2732 consummabo
3340 2692 3487 2745 super
3510 2676 3672 2729 domum
3690 2673 3753 2725 la-

2247 2770 2337 2822 cob
2362 2767 2737 2823 Testamentum
2765 2786 2948 2823 novum
2978 2769 3201 2840 (Jerem.
3229 2786 3382 2838 xxxr,
3410 2769 3517 2839 3i),
3555 2778 3599 2824 et
3621 2776 3754 2823 cetera

2246 2876 2365 2932 qum
2391 2862 2463 2916 ibi
2491 2862 2760 2932 leguntur.

2324 2952 2381 3007 2.
2422 2954 2709 3023 SOphonire
2753 2963 2933 3010 autem
2973 2955 3281 3026 prophetae,
3318 2954 3407 3026 qni
3448 2968 3557 3010 cum
3591 2950 3751 3007 Ieremia

2246 3048 2619 3118 pr0phetabat,
2645 3048 2759 3102 hcce
2781 3049 3029 3118 praedicta
3052 3049 3124 3105 de
3146 3049 3366 3104 Christo
3388 3046 3578 3103 interim
3595 3056 3748 3114 ponam:

2249 3140 2501 3210 Exspecta
2527 3157 2622 3205 me,
2655 3142 2775 3195 dicit
2802 3142 3071 3206 Dominus,
3106 3144 3164 3196 in
3186 3144 3272 3197 die
3300 3140 3635 3196 resurrectionis
3656 3151 3747 3196 mi

2246 3233 2299 3285 in
2322 3235 2545 3303 futurum
2575 3235 2735 3305 :quia
2746 3234 3001 3304 judicium
3031 3251 3228 3296 meum,
3254 3242 3309 3288 ut
3338 3247 3603 3304 congregem
3620 3236 3748 3300 genter

2248 3335 2293 3379 et
2329 3325 2563 3397 colligam
2590 3344 2746 3397 regna
2786 3327 3040 3398 (Saphon.
3067 3344 3152 3393 Ill,
3191 3328 3272 3400 8).
3306 3328 3373 3381 Et
3400 3328 3568 3380 iterum
3591 3341 3603 3377 :
3624 3320 3751 3374 lieni-

2248 3418 2384 3485 bilis,
2412 3419 2598 3489 inquit,
2632 3419 2882 3475 Dominus
2908 3437 3061 3490 super
3089 3438 3203 3486 eos,
3231 3430 3279 3474 et
3305 3416 3616 3474 eatermiuabit
3635 3427 3751 3467 omna

2249 3510 2368 3565 deos
2398 3520 2574 3576 lcrrtt’,‘
2612 3522 2658 3566 et
2680 3514 2913 3567 adorabit
2942 3530 3054 3567 cum
3079 3515 3161 3566 vir
3192 3514 3257 3567 de
3296 3514 3403 3566 loco
3426 3528 3527 3573 suo,
3553 3507 3751 3562 amnesin-

2248 3603 2375 3656 sula:
2399 3605 2619 3673 gentium
2643 3602 2753 3673 (Id.
2780 3620 2836 3665 ll,
2859 3605 2881 3657 1
2901 3604 2970 3673 Ι).
2998 3603 3064 3658 Et
3089 3604 3255 3673 paulo
3278 3613 3395 3673 post
3417 3620 3429 3655 :
3456 3600 3591 3662 Tunc,
3617 3593 3749 3663 inquit,

2250 3703 2580 3749 transvertam
2615 3697 2666 3749 in
2694 3696 2907 3767 populos
2943 3696 3194 3766 linquant,
3236 3704 3283 3748 et
3307 3697 3359 3748 in
3386 3691 3593 3763 progenie
3637 3685 3749 3756 (με’.

2249 3796 2302 3839 ut
2326 3803 2494 3840 omnes
2520 3786 2749 3839 invocent
2777 3803 2958 3840 nomen
2989 3785 3223 3852 Domini,
3254 3796 3300 3838 et
3319 3788 3521 3840 serviant
3543 3781 3581 3834 ci
3599 3780 3668 3833 sub
3685 3789 3750 3828 una

2240 3880 2411 3949 jugo;
2440 3896 2470 3930 a
2501 3878 2683 3946 ﬁnibus
2713 3880 2981 3948 [luminum
3020 3877 3312 3948 zEthiopia:
3349 3874 3541 3942 a/ferent
3568 3869 3663 3923 mihi
3686 3866 3747 3915 lto-

2249 3970 2391 4023 stias.
2426 3968 2489 4023 In
2516 3971 2605 4025 illo
2636 3970 2716 4023 die
2738 3988 2836 4024 non
2862 3971 3227 4039 confundens3
3264 3987 3327 4023 ex
3347 3967 3555 4022 omnibus
3574 3962 3745 4016 adium-

2253 4063 2468 4115 tionibus
2509 4064 2627 4128 tuis,
2656 4081 2780 4132 quas
2816 4065 2968 4132 impie
2995 4063 3143 4133 egisti
3173 4064 3228 4117 in
3268 4079 3344 4115 me
3364 4078 3382 4115 :
3402 4061 3507 4129 quia
3532 4069 3628 4109 tunc
3646 4050 3743 4115 αι(ιί-

2251 4170 2361 4207 ram
2387 4153 2474 4207 abs
2515 4162 2562 4206 te
2600 4154 2870 4223 pravitates
2907 4154 3112 4224 injuria:
3140 4163 3243 4207 tua:
3258 4170 3278 4217 ;
3306 4161 3350 4206 et
3366 4153 3472 4221 jam
3495 4164 3579 4200 non
3598 4140 3744 4211 adjicit:

2251 4252 2304 4296 ut
2327 4244 2661 4313 magni/iceris
2687 4261 2839 4313 super
2866 4253 3083 4297 montem
3109 4254 3341 4297 sanctum
3374 4256 3522 4293 meum
3540 4243 3611 4289 :et
3632 4230 3743 4284 sitire-

2254 4335 2476 4405 linquam
2508 4336 2556 4387 in
2585 4344 2631 4388 te
2673 4336 2917 4405 populant
2955 4346 3272 4388 mansuetmn
3300 4344 3345 4386 et
3383 4330 3741 4386 hamilconis”!-

2252 4427 2491 4479 rebuntur
2529 4443 2559 4477 a
2593 4426 2794 4479 neruine
2836 4422 3063 4489 Domini,
3099 4426 3190 4495 qui
3222 4423 3397 4491 reliqui
3418 4419 3580 4490 fuerint
3602 4404 3738 4466 Israel‘

2254 4516 2363 4587 (Id.
2394 4534 2469 4581 Ill,
2500 4518 2650 4580 9-15,
2680 4533 2780 4571 sec.
2815 4515 3001 4585 LXX).
3037 4516 3128 4570 Ilua
3173 4524 3295 4570 sunt
3329 4511 3559 4581 reliquim,
3583 4504 3636 4558 de
3658 4496 3735 4568 φιδ-

2253 4611 2352 4665 bus
2374 4611 2499 4665 alibi
2533 4611 2898 4680 prophetatur,
2928 4608 3070 4679 quod
3103 4609 3385 4678 Apostolus
3404 4603 3543 4659 etiam
3567 4603 3732 4652 commc-

2254 4715 2426 4758 morat
2457 4722 2469 4756 :
2510 4703 2569 4758 Si
2597 4704 2748 4772 fuerit
2790 4720 3030 4757 numerus
3057 4704 3281 4771 ﬁliorum
3310 4698 3463 4753 Israel
3497 4696 3602 4749 sicut
3631 4695 3732 4739 arma

2253 4798 2428 4862 maris,
2452 4797 2676 4867 reliquid:
2699 4795 2853 4849 salvae
2881 4796 3001 4863 [ient
3032 4793 3183 4863 (Isai.
3214 4811 3269 4859 Χ,
3299 4792 3395 4856 2i;
3428 4789 3553 4844 Rom.
3577 4796 3632 4841 ts,

2255 4887 2347 4942 llic
2377 4864 2572 4958 Quippe
2618 4887 2668 4941 in
2712 4888 2978 4942 Christum
3021 4887 3160 4941 illius
3189 4884 3358 4954 gentis
3385 4875 3583 4948 reliquis:
3611 4864 3729 4922 crede

2254 4983 2467 5039 derunt.

2251 5113 2475 5169 CAPUT
2516 5112 2757 5167 XXXIV.
2781 5144 2853 5153 —
2874 5111 2952 5168 De
2982 5112 3246 5183 prOpItetia
3270 5104 3473 5163 Daniclis
3491 5109 3530 5154 et
3556 5087 3724 5149 Εςωλιῖι·

2397 5207 2481 5271 lis,
2513 5221 2624 5276 qua:
2647 5207 2698 5259 in
2729 5205 2982 5260 Christum
3006 5203 3370 5272 Ecclesiamque
3389 5189 3624 5251 concordat.

2326 5339 2375 5391 l.
2418 5335 2472 5391 In
2516 5338 2625 5408 ipsa
2665 5352 2830 5407 porro
2870 5336 3176 5407 Babylonia:
3211 5330 3482 5403 captivitate
3500 5318 3715 5392 priusl'm‘

2316 5522 2330 5550 ι
2371 5524 2384 5565 t
2460 5516 2926 5578 manuscriptijuxta
2950 5526 3161 5574 meum
3184 5518 3301 5560 LXX.
3331 5491 3690 5578 Αι

2312 5583 2331 5611 ι
2370 5560 2720 5629 tantum;
2736 5560 3189 5640 11.1.i'saqsascs,
3212 5579 3255 5624 ει
3274 5563 3485 5633 progenies
3496 5560 3707 5618 θεείουιιδ·

2248 5656 2470 5753 mittitis-5.
2497 5715 2509 5751 :
2551 5710 2603 5751 In
2641 5700 2723 5751 illo
2761 5698 2841 5751 die
2866 5697 3208 5763 confundt'ris;
3228 5700 3392 5755 absque
3420 5674 3707 5743 neganwl’m”

2312 5706 2331 5736 ³
2364 5712 2470 5753 Mss.
2497 5715 2509 5751 :

2246 5767 2583 5850 cula..-........n.
2612 5828 2913 5850 ..νηυυηηιμιζ
2976 5824 3023 5850 .‘n
3067 5821 3207 5850 ιυυ-ΛΙ
3245 5824 3382 5850 [ἴα-φρει
3412 5813 3487 5850 (‘51.
3506 5797 3565 5850 td
3586 5782 3699 5841 “Tag.

2315 5813 2339 5859 ί
2369 5824 2583 5876 nomtulh
2612 5828 2936 5889 manuscripti,
2975 5824 3023 5873 in
3063 5821 3221 5873 Israel.
3245 5824 3382 5865 Graec
3412 5813 3487 5863 est.
