3826 6492
5 326 92 384 595

5 444 350 515 phetaverunt
376 439 580 499 Daniel
600 453 655 500 et
686 444 993 510 Ezechiel‘,
1025 446 1112 501 alii
1156 448 1362 504 scilicet
1392 450 1499 505 duo
1525 466 1591 506 ex

5 533 270 605 I‘rOphetis
312 534 648 604 majoribus.
692 536 931 604 Quorum
960 536 1144 592 Daniel
1183 539 1342 593 etiam
1388 549 1597 612 tempus

5 642 92 693 quo
109 635 377 680 venturus
408 626 595 682 fuerat
615 626 860 682 Christus
883 636 1042 697 atque
1072 640 1343 697 passurus,
1371 646 1597 687 numero

5 718 228 773 deﬁnivit
270 734 562 774 annorum
601 737 614 772 :
656 719 798 790 quod
844 721 1057 791 longum
1105 730 1190 776 est
1239 723 1597 793 computando

5 822 315 879 monstrare,
346 821 407 867 et
436 813 514 866 ab
542 812 660 867 aliis
679 811 975 867 factitatum
996 822 1078 868 est
1102 822 1226 869 ante
1247 830 1365 868 nos.
1401 815 1473 870 De
1502 830 1597 884 po-

5 912 179 960 testate
206 917 343 957 vero
370 902 502 972 ejus
526 912 578 958 et
605 903 808 972 gloria’|
835 904 914 958 sic
943 903 1150 959 locutus
1174 912 1257 959 est
1280 922 1293 958 :
1340 903 1596 969 Videbam,

6 996 179 1063 inquit,
227 993 281 1046 in
328 994 449 1046 visu
481 994 665 1059 noctis,
712 1002 759 1047 et
793 1009 905 1048 ecce
933 1009 1045 1047 cum
1080 992 1291 1047 nubibus
1317 994 1428 1048 caeli
1456 1004 1509 1048 ut
1537 995 1602 1063 ﬁ-

6 1085 120 1138 lius’
151 1084 382 1139 hominis
424 1084 636 1138 veniens
664 1093 793 1147 erat,
841 1093 889 1137 et
928 1100 1084 1153 usque
1124 1085 1191 1136 ad
1218 1093 1462 1138 vetustum
1496 1085 1604 1138 die-

8 1194 105 1230 rum
129 1176 398 1246 pervenit;
428 1183 482 1231 et
507 1175 562 1228 in
600 1183 872 1241 conspectu
895 1175 1003 1245 ejus
1029 1174 1266 1244 prazlatus
1295 1185 1402 1238 est;
1432 1184 1477 1228 et
1504 1175 1603 1247 ipsi

8 1272 139 1322 datus
170 1276 245 1322 est
273 1269 636 1337 principatus,
682 1276 727 1321 et
770 1268 951 1330 honor,
998 1276 1043 1320 et
1068 1283 1275 1337 regnum
1298 1285 1318 1321 :
1345 1277 1391 1320 et
1431 1283 1602 1321 omnes

12 1360 204 1430 populi,
250 1358 422 1413 tribus
476 1368 527 1413 et
562 1359 750 1428 lingua:
786 1358 888 1427 ipsi
924 1357 1153 1410 servient.
1203 1357 1432 1413 Potestas
1471 1358 1599 1429 ejus,

13 1458 211 1518 potestas
257 1459 546 1519 perpetua,
582 1464 695 1517 qua:
736 1464 835 1502 non
878 1449 1138 1513 transibit;
1174 1459 1219 1503 et
1256 1465 1465 1520 regnum
1494 1451 1602 1520 ejus

15 1558 99 1594 non
118 1548 484 1610 corrumpetur
512 1539 671 1612 (Dan.
698 1554 789 1604 vn,
826 1539 892 1593 15
917 1548 963 1593 et
993 1539 1103 1608 14).
1314 1608 1317 1613 ξ

72 1632 120 1685 2.
161 1630 421 1686 Ezechiel
474 1645 689 1701 quoque
737 1645 888 1685 more
938 1631 1248 1701 prophetico
1298 1648 1391 1703 per
1436 1632 1602 1688 David

17 1726 266 1780 Christum
296 1725 628 1795 signiﬁcans
651 1766 665 1791 ,
697 1724 819 1794 quia
846 1737 1060 1778 carnem
1101 1724 1167 1779 de
1206 1725 1366 1778 David
1398 1726 1602 1781 semine

18 1817 324 1887 assumpsit;
360 1826 594 1887 propter
616 1832 772 1886 quam
799 1815 1020 1870 formam
1051 1814 1229 1881 servi,
1263 1831 1364 1885 qua
1387 1814 1409 1846 ⁸
1433 1815 1603 1871 factus

22 1921 89 1966 est
113 1910 268 1965 homo
294 1951 311 1978 ,
345 1908 523 1965 etiam
555 1925 745 1964 servus
772 1910 867 1964 Dei
894 1907 1087 1962 dicitur
1113 1908 1250 1962 idem
1275 1907 1368 1963 Dei
1398 1907 1560 1961 Filius
1584 1924 1598 1973 ;

23 2005 85 2056 sic
110 2019 221 2058 eum
263 2001 659 2072 prOphetando
689 2000 1009 2071 praenuntiat
1036 2016 1098 2054 ex
1127 2013 1355 2070 persona
1382 1999 1473 2053 Dei
1500 1999 1602 2053 Pa-

24 2096 103 2148 tris
128 2114 141 2149 :
171 2094 233 2149 Et
258 2095 527 2149 suscitabo
553 2135 567 2159 ,
599 2094 767 2164 inquit
788 2135 805 2159 ,
838 2110 988 2163 super
1012 2108 1194 2163 pecora
1219 2107 1328 2145 mea
1355 2100 1603 2159 pastorem

28 2202 156 2238 unum
197 2187 286 2255 qui
317 2194 510 2256 pascat
535 2202 623 2251 ea,
650 2201 846 2239 servum
867 2200 1032 2237 meum
1057 2181 1224 2237 David
1246 2199 1265 2236 .'
1301 2191 1347 2236 et
1376 2184 1481 2251 ipse
1508 2199 1603 2252 pa-

29 2286 109 2329 scet
131 2292 203 2343 ea,
223 2286 269 2331 et
299 2278 414 2345 ipse
444 2278 542 2332 erit
574 2278 643 2331 eis
669 2277 720 2329 in
744 2284 1013 2346 pastorem.
1037 2273 1147 2346 Ego
1167 2284 1330 2328 autem
1356 2274 1604 2329 Dominus

31 2385 96 2421 ero
119 2370 182 2422 eis
208 2370 260 2423 in
288 2368 464 2424 Deum
485 2411 499 2434 ,
536 2378 583 2422 et
609 2383 778 2422 servus
804 2383 943 2421 meus
968 2365 1134 2419 David
1159 2365 1389 2436 princeps
1418 2366 1469 2419 in
1497 2382 1602 2419 me-

33 2459 95 2510 dio
121 2474 283 2512 eorum
311 2475 331 2514 :
353 2475 451 2529 ego
473 2458 729 2513 Dominus
760 2458 956 2511 locutus
983 2473 1094 2510 sum
1130 2455 1148 2530 (
1174 2454 1361 2510 Ezech.
1393 2471 1563 2510 xxxrv
1586 2498 1602 2524 ,

36 2547 91 2603 23
120 2561 160 2603 et
186 2550 251 2605 24
349 2552 419 2607 Et
445 2551 559 2608 alio
590 2551 706 2606 loco
735 2567 748 2603 :
781 2549 848 2604 Et
875 2565 989 2616 rex,
1012 2548 1201 2618 inquit,
1230 2565 1360 2603 unus
1386 2548 1478 2603 erit
1498 2564 1606 2601 om-

36 2644 153 2699 nibus
177 2645 437 2714 imperans
462 2662 483 2699 :
514 2654 561 2700 et
588 2661 688 2698 non
714 2652 857 2698 erant
884 2643 1019 2695 ultra
1044 2642 1160 2696 dua:
1186 2651 1354 2711 gentes
1373 2682 1387 2708 ,
1416 2657 1505 2694 nec
1528 2640 1607 2693 di-

39 2736 235 2790 videntur
256 2737 487 2807 amplius
512 2736 566 2790 in
597 2737 698 2790 duo
717 2751 911 2805 regna;
954 2750 1111 2804 neque
1148 2732 1432 2801 polluentur
1471 2732 1606 2785 ultra

39 2829 77 2880 in
101 2829 237 2884 idolis
263 2830 371 2883 suis
397 2873 413 2897 ,
460 2839 509 2884 et
553 2826 1005 2883 abominationibus
1047 2827 1152 2881 suis
1176 2867 1190 2891 ,
1232 2834 1276 2879 et
1321 2826 1375 2880 in
1412 2826 1605 2880 cunctis

42 2920 351 2987 iniquitatibus
394 2922 529 2975 suis.
585 2919 649 2973 Et
689 2918 854 2974 salvos
901 2935 985 2973 eos
1032 2918 1218 2988 faciant
1256 2917 1320 2971 de
1364 2917 1606 2971 universis

42 3012 207 3065 sedibus
230 3014 334 3066 suis
359 3055 385 3077 ,ν
405 3014 459 3065 in
487 3011 673 3082 quibus
703 3019 1031 3081 peccaverunt
1057 3051 1071 3076 ,
1108 3019 1155 3062 et
1198 3007 1449 3061 mandabo
1476 3022 1558 3061 eos
1587 3023 1606 3061 :

45 3113 80 3153 et
103 3113 229 3157 erunt
258 3107 386 3160 mihi
416 3105 644 3175 papulas
667 3145 681 3170 ,
708 3112 753 3158 et
783 3119 873 3175 ego
903 3119 988 3159 ero
1015 3102 1119 3156 illis
1151 3101 1285 3156 Deus
1315 3116 1335 3156 :
1368 3109 1413 3154 et
1437 3116 1606 3154 servus

46 3209 157 3247 meus
184 3194 347 3250 David
378 3214 474 3251 rea:
499 3212 657 3266 super
680 3212 764 3249 eos
787 3238 802 3260 ,
834 3204 880 3249 et
907 3204 1080 3265 pastor
1106 3211 1234 3249 unus
1262 3194 1356 3248 erit
1384 3192 1605 3247 omnium

49 3299 189 3339 eorum
215 3287 232 3359 (
257 3287 345 3343 Id.
377 3303 570 3343 xxxv"
597 3329 611 3354 ,
641 3287 817 3342 22—24
838 3283 879 3357 ),

50 3398 237 3458 CAPUT
266 3402 491 3459 XXXV.
525 3432 599 3443 —-
626 3400 704 3455 De
740 3401 888 3454 (riunt
932 3400 1289 3471 praphetarum
1330 3398 1606 3466 vaticinia,

246 3494 298 3547 id
326 3504 401 3550 est
425 3535 443 3563 ,
475 3494 655 3566 Aggwi
672 3534 687 3559 ,
714 3492 981 3547 Zacharite
1003 3501 1051 3546 et
1083 3490 1373 3545 Malaehiaz.

106 3604 149 3658 1.
182 3604 400 3662 Restant
430 3615 546 3663 tres
575 3605 809 3660 minores
838 3604 1120 3673 Prophetse
1144 3644 1159 3667 ,
1203 3603 1293 3672 qui
1323 3603 1607 3673 propheta-

56 3704 213 3749 verunt
236 3696 287 3750 in
318 3697 429 3751 line
455 3696 781 3767 captivitatis
806 3735 821 3761 ,
855 3694 1080 3764 Aggueus
1102 3734 1116 3760 ,
1148 3692 1432 3748 Zacharias
1457 3735 1472 3762 ,
1504 3694 1611 3747 Ma-

58 3782 239 3842 lachias.
278 3788 523 3855 Quorum
560 3790 788 3858 Aggaeus
812 3786 1081 3841 Christum
1107 3795 1160 3841 et
1190 3786 1481 3840 Ecclesiam
1512 3785 1611 3842 hac

62 3880 258 3944 apertius
276 3880 544 3937 brevitate
564 3880 846 3952 pr0phetat
873 3896 886 3934 :
913 3860 1038 3933 Ηιὲε
1063 3879 1181 3933 dicit
1204 3878 1454 3934 Dominus
1468 3896 1613 3935 exer-

64 3968 213 4024 cituum
237 3988 256 4026 :
284 3973 470 4028 Adhuc
497 3989 652 4027 unum
677 3972 930 4026 modicum
955 3978 1026 4025 est
1052 4012 1066 4037 ,
1096 3980 1140 4026 et
1173 3987 1263 4042 ego
1299 3971 1612 4025 commovebo

68 4060 240 4130 talum,
279 4074 329 4118 et
369 4076 601 4131 terram,
638 4072 685 4119 et
732 4079 907 4128 mare,
955 4070 1001 4115 et
1041 4061 1279 4129 aridam,
1324 4071 1369 4117 et
1413 4063 1613 4117 movebo

68 4164 203 4207 omnes
242 4167 455 4225 gentes;
495 4165 542 4211 et
581 4156 741 4210 veniet
782 4154 1111 4209 Desideratus
1153 4154 1347 4208 cunctis
1387 4155 1615 4225 gentibus

73 4240 247 4312 (Λετθωὶ
264 4262 321 4313 tt,
349 4249 381 4304 7
403 4260 449 4304 et
469 4246 551 4320 8).
575 4247 700 4303 Ilaac
716 4245 993 4317 prophetia
1018 4245 1208 4315 partim
1228 4244 1336 4315 jam
1354 4245 1616 4315 completa

73 4337 267 4391 cernitur
290 4379 304 4404 ,
337 4342 535 4410 partim
563 4347 807 4409 speratur
848 4339 901 4392 in
943 4338 1048 4392 [ine
1091 4336 1427 4406 complenda.
1457 4336 1618 4391 Movit

75 4425 188 4479 enim
205 4431 394 4487 etelum
416 4432 741 4502 Angelorum
762 4439 816 4485 et
835 4429 1068 4485 siderum
1090 4428 1395 4484 testimonio
1414 4468 1430 4495 ,
1452 4442 1621 4497 quan-

74 4512 128 4568 do
149 4518 439 4580 incarnatus
466 4533 551 4580 est
572 4522 836 4578 Christus.
869 4521 1034 4575 Movit
1059 4530 1255 4576 terram
1286 4520 1485 4590 ingenti
1514 4520 1619 4574 mi-

77 4610 225 4665 raculo
241 4652 256 4678 ,
276 4614 341 4670 de
369 4615 487 4685 ipso
512 4614 728 4684 virginis
753 4620 927 4684 partu.
956 4611 1117 4667 Movit
1143 4625 1288 4666 mare
1309 4619 1362 4665 et
1381 4608 1581 4664 aridam
1601 4649 1616 4674 ,

79 4709 174 4754 cum
196 4712 245 4757 et
268 4705 318 4760 in
345 4706 536 4762 insulis
562 4714 617 4762 et
637 4706 691 4760 in
712 4705 841 4761 orbe
863 4713 974 4759 toto
994 4702 1234 4759 Christus
1257 4703 1618 4757 annuntiatur.

82 4786 141 4843 lla
156 4799 343 4853 moveri
367 4814 557 4854 omnes
585 4806 771 4870 gentes
797 4796 1040 4851 videmus
1065 4797 1132 4850 ad
1156 4795 1337 4850 ﬁdem.
1359 4794 1474 4849 Jam
1496 4808 1622 4847 vero

83 4882 195 4945 Ψιοά
218 4890 452 4957 sequitur
474 4931 488 4955 ,
515 4888 583 4944 Et
608 4888 766 4943 veniet
785 4885 1116 4942 Desideratus
1142 4887 1331 4940 cunctis
1356 4884 1582 4956 gentibus
1604 4924 1620 4952 ,

82 4966 133 5023 de
156 4977 429 5036 novissimo
475 4980 591 5050 ejus
623 4986 960 5050 exspectatur
1000 4975 1229 5031 adventu
1256 4976 1353 5048 (a).
1384 4974 1455 5032 Ut
1481 4976 1623 5030 enim

86 5057 376 5127 desideratus
404 5081 546 5127 esset
572 5070 1002 5142 exspectantibus
1026 5110 1041 5136 ,
1072 5069 1219 5139 prius
1245 5068 1478 5139 oportuit
1497 5084 1622 5124 eum

86 5149 298 5215 dilectum
325 5178 443 5221 esse
467 5163 828 5220 credentibus.

143 5245 191 5300 2.
224 5250 497 5313 Zacharias
526 5256 596 5314 de
622 5254 833 5313 Christo
859 5261 915 5310 et
942 5253 1180 5311 Ecclesia
1212 5269 1225 5307 :
1259 5252 1476 5309 Exsulta
1498 5295 1514 5318 ,
1548 5254 1632 5308 in.

140 5357 155 5427 ξ
185 5366 229 5410 ιιι
249 5367 494 5417 veteribus
515 5368 650 5416 libris
670 5372 949 5417 mnstanter
970 5366 1218 5427 scriptum,
1244 5363 1532 5415 Hiezechiel.

92 5421 161 5529 ﬁt;
184 5429 279 5473 Mss.
303 5427 496 5492 aliquot,
520 5436 566 5481 et
588 5428 816 5482 Ecclesia.
838 5428 1011 5477 ceteri
1044 5421 1151 5477 l'ére
1173 5421 1360 5488 omnes,
1398 5434 1445 5476 et
1467 5426 1629 5478 Eccle-

144 5545 164 5632 ἰ
189 5549 732 5632 ξιλξῖῗξξέξῇίίυδξῐίὲτίυδ
754 5560 878 5617 Mss.
904 5559 955 5603 ιιι
970 5551 1118 5617 ﬁlius.

190 5606 342 5679 [‘lllres
361 5606 495 5679 Mss,
519 5615 649 5679 quia.

148 5662 209 5727 (α)
241 5677 301 5721 De
322 5662 761 5726 secundo'adventu
795 5678 962 5726 Christi
985 5676 1113 5725 hunc
1144 5673 1301 5722 locum
1338 5673 1632 5732 interpreta-

99 5724 160 5799 εἶτε
264 5736 400 5784 etiam
419 5724 628 5799 Justinus
637 5724 897 5799 hiartyr,in
910 5724 1103 5799 bialogo
1119 5724 1509 5798 cutn'rryphone.
1522 5740 1636 5780 Con-

103 5782 159 5834 fer
175 5789 295 5853 intra,
316 5782 399 5860 cap
423 5782 788 5856 scisma;

1186 331 1386 390 LIBER
1427 328 1719 394 DECIMUS
1755 337 2091 399 OCTAVUS.

3177 343 3281 401 594

1704 454 1855 524 quit,
1886 458 2031 510 valde
2057 498 2071 523 ,
2101 458 2209 526 ﬁlia
2238 458 2402 523 Sion;
2419 460 2586 531 jubila
2610 502 2625 527 ,
2669 460 2777 529 ﬁlia
2813 458 3134 515 Ierusalem:
3174 476 3286 515 ecce

1704 545 1816 601 Rex
1843 558 1959 601 tuus
1984 550 2139 602 veniet
2159 551 2278 615 tibi,
2314 552 2484 623 justus
2508 594 2523 619 ,
2560 562 2608 607 et
2650 554 2907 618 salvator;
2934 553 3039 621 ipse
3067 569 3283 621 pauper,

1702 645 1750 691 et
1773 639 2045 693 ascendens
2067 656 2216 709 super
2239 644 2432 694 asinam
2456 644 2495 708 ί,
2523 652 2745 714 et‘super
2769 644 2964 713 pullum
2992 645 3155 713 ﬁlium
3183 645 3288 697 asi-

1704 743 1784 781 na:
1808 744 1828 781 :
1857 739 1903 782 et
1931 738 2153 800 potestas
2180 731 2292 800 ejus
2331 749 2360 784 a
2390 736 2518 786 mari
2548 750 2701 802 usque
2727 735 2795 787 ad
2823 752 2960 788 mare
2983 776 2998 798 ,
3035 743 3078 788 et
3127 751 3158 787 a
3186 735 3288 804 flu-

1702 817 1921 872 minibus
1944 835 2098 889 usque
2115 820 2183 873 ad
2209 822 2333 889 ﬁnes
2355 831 2499 877 terra:
2517 825 2538 855 ¹
2566 823 2748 892 (Zach.
2779 840 2831 878 Ix
2854 865 2870 891 ,
2891 824 2931 880 9'
2953 836 3001 879 et
3033 825 3139 895 l0).
3169 824 3282 880 [Ioc

1704 910 1916 979 quando
1943 910 2134 967 factum
2182 913 2285 980 sit,
2328 925 2386 968 ut
2427 916 2678 971 Dominus
2716 917 2957 972 Christus
2998 919 3050 971 in
3092 919 3285 972 itinere

1701 1000 1945 1070 jumento
1967 1002 2124 1073 hujus
2144 1006 2355 1075 generis
2376 1015 2612 1062 uteretur
2635 1051 2649 1076 ,
2674 1009 2725 1062 in
2750 1010 3033 1080 Evangelia
3052 1009 3242 1079 legitur
3268 1029 3283 1065 :

1705 1094 1796 1149 ubi
1826 1103 1879 1149 et
1908 1099 2020 1153 haec
2045 1097 2318 1168 pr0phetia
2345 1110 2794 1156 commemoratur
2817 1117 2881 1156 ex
2904 1111 3051 1172 parte
3076 1142 3092 1168 ,
3121 1118 3288 1172 quan-

1710 1194 1818 1240 tum
1849 1188 1922 1242 illi
1950 1188 2067 1243 loco
2109 1189 2354 1245 sulticere
2394 1191 2563 1246 visum
2598 1201 2680 1247 est
2722 1192 2951 1263 (Matth.
2983 1209 3071 1247 rm
3093 1191 3133 1265 ).
3166 1194 3287 1248 Alio

1710 1278 1825 1333 loco
1853 1279 1919 1333 ad
1947 1280 2119 1350 ipsum
2149 1281 2417 1337 Christum
2449 1285 2499 1338 iu
2523 1284 2720 1354 Spiritu
2750 1285 3039 1356 prophetia:
3065 1284 3287 1355 loquens

1709 1368 1776 1424 de
1803 1372 2115 1425 remissione
2153 1383 2490 1443 peccatorum
2540 1391 2634 1444 per
2671 1375 2786 1444 ejus
2822 1376 3129 1447 sanguinem
3163 1392 3176 1427 :
3211 1375 3288 1429 Tu

1708 1478 1938 1533 quoque,
1984 1464 2188 1534 inquit,
2234 1467 2288 1519 in
2331 1466 2577 1536 sanguine
2627 1466 2907 1520 testamenti
2960 1466 3033 1519 tui
3081 1465 3289 1520 emisisti

1708 1556 1900 1608 vinctos
1926 1564 2035 1609 tuos
2064 1556 2125 1610 de
2153 1557 2264 1610 lacu
2284 1599 2298 1623 ,
2325 1558 2378 1610 in
2416 1574 2512 1627 quo
2557 1574 2657 1610 non
2700 1566 2773 1610 est
2819 1573 2949 1627 aqua
2978 1556 3174 1627 (Zaclt.
3204 1572 3287 1623 ιι,

1711 1645 1771 1700 11
1802 1646 1841 1716 ).
1875 1646 2009 1713 Quid
2052 1663 2148 1716 per
2196 1648 2333 1703 hunc
2379 1648 2549 1703 lacum
2597 1649 2723 1703 velit
2766 1649 3026 1717 intelligi,
3071 1657 3292 1717 possunt

1709 1735 1916 1791 diversa
1949 1738 2131 1792 sentiri
2158 1779 2171 1803 ,
2216 1739 2373 1793 etiam
2418 1739 2709 1795 secundum
2754 1720 2955 1792 rectam
3001 1739 3156 1795 tidem
3188 1737 3285 1811 (a).

1711 1827 1838 1883 Mihi
1883 1839 2055 1886 tamen
2100 1832 2309 1887 videtur
2351 1848 2455 1887 non
2498 1848 2562 1888 eo
2602 1833 2888 1904 significari
2930 1834 3158 1900 melius,
3186 1833 3291 1889 nisi

1711 1919 1955 1976 humana:
1982 1923 2209 1978 miserim
2236 1924 2428 1979 siccam
2458 1924 2868 1994 profunditatem
2896 1925 3288 1995 quodammodo

1710 2022 1762 2068 et
1791 2015 2025 2069 sterilem
2052 2055 2066 2079 ,
2100 2015 2187 2069 ubi
2230 2031 2333 2069 non
2382 2024 2504 2069 sunt
2546 2014 2738 2070 ﬂuenta
2778 2016 2996 2085 justitia:
3019 2057 3035 2082 ,
3064 2015 3158 2069 sed
3186 2016 3289 2069 ini-

1710 2105 1926 2176 quitatis
1952 2106 2140 2161 lutum.
2174 2107 2247 2162 De
2291 2106 2391 2162 hoc
2427 2108 2620 2177 quippe
2645 2108 2804 2163 etiam
2832 2107 2886 2163 in
2918 2107 3130 2162 Psalmo
3159 2106 3291 2161 dici-

1713 2205 1837 2251 tur:
1868 2197 1934 2251 Et
1962 2198 2135 2251 eduxit
2167 2215 2244 2253 me
2286 2199 2348 2252 de
2390 2200 2504 2253 lacu
2548 2200 2795 2267 miserim,
2843 2209 2889 2253 et
2930 2200 2993 2253 de
3034 2199 3137 2253 luto
3180 2199 3289 2252 limi

1712 2286 1902 2359 (Psal.
1933 2303 2107 2342 χχχιχ
2135 2331 2149 2357 ,
2180 2289 2274 2361 '5).

1781 2382 1836 2436 ὅ.
1877 2380 2160 2436 Malaehias
2208 2381 2533 2453 prophetans
2583 2382 2875 2438 Ecclesiam
2903 2423 2917 2448 ,
2978 2398 3134 2453 quam
3192 2398 3289 2453 per

1713 2472 1981 2527 Christum
2010 2473 2280 2528 cernimus
2311 2485 2646 2544 propagatum
2672 2515 2687 2539 ,
2719 2474 2916 2528 ludu'is
2955 2474 3292 2543 apertissime

1713 2564 1841 2620 dicit
1868 2581 1933 2620 ex
1963 2579 2183 2635 persona
2214 2566 2308 2621 Dei
2340 2583 2353 2620 :
2384 2564 2503 2619 Non
2534 2573 2605 2619 est
2636 2566 2756 2618 mihi
2786 2565 3015 2619 voluntas
3037 2566 3089 2619 in
3116 2565 3251 2620 vobis
3276 2606 3291 2629 ,

1713 2665 1760 2711 et
1786 2672 1968 2710 munus
1997 2673 2099 2710 non
2123 2656 2394 2727 suscipiam
2423 2656 2485 2710 de
2514 2673 2667 2709 manu
2692 2665 2874 2710 vestra.
2920 2654 2995 2709 Ab
3025 2666 3138 2709 ortu
3164 2656 3293 2710 enim

1713 2746 1836 2801 solis
1863 2763 2017 2817 usque
2046 2747 2113 2800 ad
2138 2763 2369 2802 occasum
2395 2788 2409 2812 ,
2452 2764 2690 2818 magnum
2718 2756 2787 2802 est
2826 2763 3005 2801 nomen
3047 2763 3212 2801 meum
3241 2747 3298 2800 in

1713 2824 1975 2912 gentibus,
2002 2852 2047 2894 et
2070 2842 2121 2894 in
2146 2841 2292 2894 omni
2310 2839 2417 2894 loco
2446 2840 2812 2909 sacri/icabitur
2849 2848 2896 2894 et
2936 2838 3175 2906 offeretur
3200 2856 3295 2892 no-

1714 2934 1838 2987 mini
1866 2950 1973 2987 meo
2003 2933 2189 2987 oblatio
2217 2934 2405 2985 munda
2429 2948 2448 2986 :
2491 2934 2608 3002 quia
2646 2948 2885 3001 magnum
2922 2948 3100 2985 nomen
3130 2947 3297 2985 meum

1716 3026 1766 3079 in
1792 3026 2018 3097 gentibus
2042 3068 2055 3092 ,
2087 3026 2207 3079 dicit
2232 3025 2479 3079 Dominus
2507 3026 2524 3094 (
2556 3025 2783 3079 Malae/2.
2814 3040 2827 3078 ι
2854 3067 2868 3090 ,
2904 3025 2968 3079 10
2995 3025 3035 3094 ).
3065 3025 3175 3078 lloc
3204 3039 3294 3078 sa-

1715 3117 1971 3171 criﬁcium
2001 3132 2093 3187 per
2124 3116 2477 3173 sacerdotium
2506 3116 2703 3171 Christi
2734 3116 3022 3171 secundum
3053 3115 3295 3171 ordinem

1714 3208 2137 3275 Melchisedech,
2170 3224 2290 3263 cum
2319 3209 2369 3261 in
2398 3208 2539 3261 omni
2572 3207 2690 3261 loco
2730 3223 2759 3261 a
2797 3208 2926 3261 solis
2970 3217 3091 3261 ortu
3128 3221 3297 3277 usque

1716 3300 1799 3354 ad'
1822 3315 2065 3355 occasum
2109 3300 2217 3355 Deo
2255 3300 2363 3369 jam
2409 3299 2682 3353 videamus
2721 3297 2895 3352 oﬂ'erri
2921 3339 2936 3365 ,
2978 3297 3297 3353 sacriﬁcium

1716 3401 1894 3449 autem
1922 3392 2223 3447 Judteorum
2248 3432 2263 3458 ,
2296 3392 2485 3462 quibus
2511 3392 2709 3446 dictum
2737 3400 2817 3446 est
2839 3432 2852 3455 ,
2900 3390 3021 3445 Non
3061 3399 3133 3445 est
3172 3390 3298 3443 mihi

1716 3484 1945 3539 voluntas
1976 3484 2026 3537 in
2050 3483 2186 3537 vobis
2210 3524 2224 3549 ,
2252 3499 2340 3536 nec
2367 3484 2614 3552 accipiam
2643 3482 2705 3536 de
2732 3482 2961 3536 manibus
2985 3482 3158 3535 vestris
3186 3498 3298 3534 mu-

1719 3594 1814 3631 nus
1837 3619 1851 3643 ,
1886 3591 2125 3633 cessasse
2156 3590 2349 3645 negare
2378 3591 2482 3630 non
2523 3584 2781 3646 possunt;
2821 3574 2947 3646 quid
2982 3575 3155 3629 adhuc
3201 3590 3300 3630 ex-

1719 3678 1960 3739 spectant
1985 3668 2146 3722 alium
2169 3666 2438 3723 Christum
2465 3710 2480 3735 ,
2503 3683 2621 3723 cum
2645 3666 2746 3722 hoc
2769 3666 2908 3736 quod
2931 3666 3301 3737 prophetatum

1719 3763 1902 3834 legunt
1945 3769 2001 3818 et
2042 3761 2313 3831 impletum
2357 3759 2578 3827 vident,
2628 3759 2837 3830 impleri
2876 3774 2981 3813 non
3028 3757 3298 3828 potuerit,

1722 3856 1821 3911 nisi
1854 3871 1948 3927 per
1986 3854 2205 3925 ipsum?
2249 3854 2385 3908 Dicit
2423 3853 2562 3908 enim
2608 3853 2764 3923 paulo
2807 3861 2929 3922 post
2971 3852 3037 3908 de
3080 3852 3195 3923 ipso
3232 3867 3303 3906 ex

1722 3964 1946 4021 persona
1975 3949 2069 4004 Dei
2104 3966 2118 4003 :
2150 3947 2523 4002 Testamentum
2561 3962 2725 3999 meum
2761 3955 2867 3999 erat
2896 3961 3007 3999 cum
3038 3962 3094 4000 eo
3120 3946 3233 4000 viae
3257 3954 3305 4000 et

1724 4044 1862 4114 pacis
1889 4059 1907 4097 :
1937 4054 1982 4096 et
2011 4042 2128 4096 dedi
2156 4042 2200 4097 ei
2228 4053 2280 4095 ut
2310 4043 2486 4096 timore
2514 4042 2706 4095 timeret
2727 4058 2805 4095 me
2827 4083 2841 4108 ,
2871 4052 2917 4096 et
2939 4057 2969 4094 a
2990 4040 3122 4112 {acie
3142 4040 3307 4094 nomi-

1724 4138 1802 4191 nis
1831 4137 1925 4189 mei
1952 4144 2270 4189 revereretur.
2306 4133 2413 4186 Lex
2441 4134 2661 4187 veritatis
2690 4144 2795 4186 erat
2825 4133 2876 4186 in
2909 4149 2996 4186 ore
3022 4133 3184 4202 ipsius
3207 4170 3224 4197 ,
3252 4131 3307 4184 in

1727 4243 1848 4295 pace
1872 4226 2090 4294 dirigens
2118 4224 2388 4278 ambulavit
2428 4241 2619 4277 mecum
2641 4264 2658 4291 ,
2703 4233 2748 4278 et
2789 4225 2974 4278 multos
3015 4222 3249 4277 convertit
3280 4220 3302 4252 ³

1726 4317 1787 4370 ab
1812 4317 2075 4387 iniquitate
2102 4332 2121 4370 :
2144 4316 2381 4386 quoniam
2407 4314 2541 4369 labia
2557 4316 2827 4369 sacerdotis
2848 4316 3129 4369 custodient
3147 4314 3307 4369 scien-

1729 4409 1850 4463 tiam
1874 4449 1887 4474 ,
1919 4417 1964 4462 et
1990 4407 2145 4479 legem
2172 4407 2421 4476 inquirent
2448 4422 2509 4460 ea:
2534 4422 2620 4459 ore
2643 4406 2753 4475 ejus
2777 4423 2795 4470 ;
2832 4406 3070 4475 quoniam
3098 4404 3309 4475 angelus

1730 4502 1936 4557 Domini
1960 4499 2310 4569 omnipotentis
2340 4507 2411 4551 est
2442 4497 2459 4570 (
2483 4496 2569 4551 Id.
2595 4513 2629 4552 ιι
2655 4538 2669 4561 ,
2698 4497 2855 4569 5-7).
2879 4496 2987 4551 Nec
3008 4496 3309 4550 mirandutn

1729 4603 1811 4650 est
1833 4634 1848 4661 ,
1870 4593 1991 4664 quia
2008 4590 2385 4660 omnipotentis
2404 4590 2497 4644 Dei
2523 4589 2743 4659 angelus
2762 4588 2935 4644 dictus
2958 4596 3040 4642 est
3064 4587 3310 4643 Christus

1731 4688 1905 4744 Jesus.
1936 4686 2081 4741 Sicut
2109 4685 2249 4738 enim
2298 4694 2485 4738 servus
2524 4692 2745 4753 propter
2777 4680 3002 4735 formam
3043 4681 3182 4736 servi
3211 4722 3227 4747 ,
3258 4680 3313 4736 in

1732 4794 1834 4851 qua
1858 4779 2006 4833 venit
2033 4776 2098 4831 ad
2125 4775 2409 4840 homines;
2451 4775 2528 4829 sic
2558 4784 2612 4830 et
2637 4774 2858 4844 angelus
2890 4781 3108 4843 propter
3140 4774 3315 4828 Evan-

1733 4872 1928 4942 gelium
1956 4911 1972 4937 ,
1998 4868 2138 4939 quod
2166 4866 2770 4922 nuntiavithominibus.
2795 4864 2927 4920 Nam
2949 4867 2993 4920 si
3013 4881 3185 4937 grmca
3212 4867 3315 4921 ista

1736 4964 2148 5031 interpretemur
2170 5001 2184 5027 ,
2210 4969 2260 5014 et
2288 4957 2638 5028 Evangelium
2664 4958 2802 5013 bona
2835 4959 3095 5013 nuntiatio
3114 4968 3196 5015 est
3221 4999 3235 5022 ,
3260 4968 3319 5012 ct

1736 5052 1954 5124 angelus
1978 5051 2211 5106 nuntius.
2246 5050 2321 5104 De
2349 5049 2464 5120 ipso
2506 5048 2702 5121 quippe
2741 5049 2932 5105 iterum
2978 5050 3146 5104 dicit;
3186 5048 3319 5102 Enr.-

1803 5254 1821 5286 ι
1857 5250 1991 5301 Vind.
2016 5258 2114 5301 Am.
2142 5256 2193 5301 et
2213 5255 2343 5307 Mss,
2364 5247 2568 5300 asinum.

1760 5378 1786 5389 η
1801 5316 1986 5388 {born
2012 5305 2371 5377 usquead'ﬁnes
2388 5309 2516 5361 orbis
2538 5317 2700 5361 terrm.
2718 5311 2882 5368 Abest,
2905 5307 3051 5367 orbis,
3076 5317 3104 5353 ιι
3125 5305 3317 5353 caeteris

1741 5376 1932 5487 llhg‘msic
1964 5437 2131 5498 plures
2147 5435 2459 5498 manuscripti
2480 5436 2766 5496 juxtaLXX-
2793 5437 2847 5479 At
2885 5429 3018 5489 editi.
3056 5425 3318 5477 αῖηὺιιιαῢίι

1741 5512 1955 5558 mecum,
1967 5497 2020 5547 et
2054 5497 2225 5548 multos
2248 5502 2500 5547 convertet.
3135 5515 3139 5519 -

1805 5602 1878 5664 (a)
1914 5609 1985 5664 De
2006 5599 2151 5649 limbo
2186 5607 2637 5664 patrnm,_quorum
2674 5594 2846 5664 aninue
2882 5594 2947 5664 ibi
2978 5589 3321 5664 detinebantur

1745 5652 1898 5724 usque
1929 5662 1988 5711 ad
2022 5652 2294 5724 passionem
2317 5652 2502 5724 Chrisii,
2542 5658 2669 5717 ipsas
2692 5654 2887 5724 tandem
2918 5654 3029 5701 inde
3055 5652 3320 5711 liberantis,

1749 5719 1999 5787 “bonum
2021 5717 2345 5783 hieronymus,
2364 5717 2581 5779 Lyrillus,
2606 5726 2649 5766 s.
2666 5717 2886 5776 Thomas,
2909 5729 3029 5777 quos
3052 5726 3221 5762 omnes
3242 5726 3323 5761 re-

1748 5788 1990 5839 centiores
2014 5790 2297 5845 sequuntur.
2330 5788 2575 5835 Coeusvs.
