3882 6396
591 275 696 330 595

589 387 770 442 mitto‘
800 388 1035 458 angelum
1064 405 1223 442 meum
1250 431 1265 454 ,
1312 399 1358 443 et
1395 389 1663 460 prospiciet
1688 389 1818 442 viam
1847 397 1962 443 ante
1990 389 2170 460 facient

587 493 752 530 meam
777 492 796 531 :
818 488 864 530 et
886 478 1046 531 subito
1069 479 1224 531 veniet
1250 479 1302 532 in
1327 480 1564 549 templum
1584 495 1730 532 suum
1756 477 2004 532 Dominus
2024 495 2173 550 quem

588 582 676 620 vos
695 567 917 635 quanius
937 608 950 629 ,
974 577 1021 622 et
1041 569 1249 637 angelus
1270 568 1551 622 testamenti
1571 585 1714 636 quem
1735 585 1818 623 vos
1842 569 2011 623 vultis.
2042 567 2174 623 Ecce

587 657 758 720 venit,
788 657 908 710 dicit
935 655 1182 710 Dominus
1218 659 1531 724 omnipotens
1557 660 1576 690 '
1608 675 1628 713 :
1672 667 1718 714 et
1759 660 1870 727 quis
1913 659 2173 714 sustinebit

587 746 720 800 diem
746 747 981 801 introitus
1009 749 1116 812 eius
1137 750 1162 802 ἶ)
1187 758 1272 802 aut
1299 750 1409 812 quis
1448 750 1643 803 resistet
1676 750 1730 804 in
1767 760 1974 821 aspectu
2017 751 2124 820 ejus
2147 749 2173 804 1’

588 838 608 903 ί
636 837 864 892 Malach.
900 855 994 904 ιιι,
1025 841 1047 893 1
1080 881 1094 906 ,
1123 839 1159 896 2
1186 841 1203 910 )
1237 841 1477 896 llocloco
1495 841 1790 911 etprimum
1811 851 1864 897 et
1879 841 2172 898 secundum

589 929 784 984 Christi
813 933 1186 1001 prmuuntiavit
1213 933 1496 988 adventum
1527 953 1538 987 :
1573 935 1799 1003 primum
1831 935 2068 999 scilicet,
2103 933 2172 990 de

587 1037 690 1091 quo
717 1023 788 1076 ait
812 1065 826 1088 ,
858 1021 924 1077 Et
950 1023 1116 1078 subito
1142 1026 1297 1078 veniet
1325 1025 1375 1078 in
1399 1025 1639 1096 templum
1667 1043 1816 1080 suum
1838 1044 1856 1092 ;
1888 1027 1939 1081 id
1969 1034 2050 1084 est
2071 1068 2086 1092 ,
2117 1027 2170 1083 in

586 1129 801 1168 Carnem
829 1129 1019 1183 suam,
1061 1116 1127 1171 de
1177 1133 1278 1186 qua
1322 1118 1456 1172 dixit
1502 1119 1552 1172 in
1599 1119 1922 1189 Evangelio,
1980 1117 2172 1175 Solvite

588 1205 828 1274 templum
860 1207 953 1261 hoc
979 1249 994 1273 ,
1022 1219 1068 1261 et
1101 1209 1150 1261 in
1183 1209 1350 1264 triduo
1377 1212 1678 1265 resuscitabo
1708 1210 1837 1264 illud
1866 1210 2060 1282 (Joan.
2091 1228 2127 1266 tt
2151 1254 2166 1282 ,

586 1295 654 1350 19
680 1296 699 1367 )
729 1314 742 1349 :
775 1299 1065 1354 secundum
1095 1316 1220 1354 vero
1245 1343 1259 1367 ,
1295 1300 1381 1354 ubi
1413 1302 1484 1355 ait
1509 1344 1524 1366 ,
1553 1301 1686 1356 Ecce
1714 1303 1881 1369 venit,
1915 1303 2036 1358 dicit
2063 1303 2170 1359 Do-

584 1387 750 1442 minus
773 1390 1085 1458 omnipotens
1104 1433 1118 1457 ,
1143 1402 1188 1444 et
1207 1392 1316 1460 quis
1337 1392 1598 1447 sustinebit
1620 1393 1750 1446 diem
1770 1395 2005 1449 introitus
2025 1396 2132 1466 ejus
2151 1436 2167 1461 ,

582 1491 669 1533 aut
695 1482 806 1549 quis
831 1483 1022 1537 resistet
1049 1485 1101 1538 in
1144 1495 1349 1554 aspectu
1386 1487 1537 1556 ejus?
1581 1485 1733 1554 Quod
1777 1496 1952 1542 autem
1999 1487 2167 1554 dicit,

583 1571 833 1627 Dominus
863 1592 1009 1644 quem
1038 1593 1121 1630 vos
1148 1578 1372 1647 quwritis
1391 1620 1406 1644 ,
1435 1587 1480 1632 et
1496 1579 1705 1649 angelus
1727 1580 2004 1634 testamenti
2023 1596 2169 1650 quem

582 1681 668 1720 vos
697 1667 843 1721 vultis
867 1709 882 1733 ,
914 1668 1228 1737 signiﬁcavit
1255 1671 1435 1740 utique
1457 1672 1615 1725 etiam
1637 1671 1850 1726 Judteos
1876 1672 2167 1728 secundum

585 1749 889 1825 Script'uras
918 1774 1050 1828 quas
1081 1758 1298 1829 legunt,
1327 1761 1592 1816 Christum
1615 1777 1855 1832 quaerere
1877 1804 1892 1830 ,
1923 1773 1978 1819 et
2004 1765 2165 1820 velle.

583 1843 691 1900 Sed
731 1847 880 1900 multi
924 1862 1148 1914 eorum,
1190 1865 1348 1919 quem
1387 1853 1710 1921 quaesierunt
1751 1863 1807 1909 et
1845 1854 2165 1923 voluerunt,

579 1935 790 1990 venisse
821 1953 924 1992 non
971 1951 1342 2008 agnoverunt,
1383 1943 1635 1998 exczceati
1674 1943 1726 1998 in
1764 1945 2016 2001 cordibus
2057 1947 2168 2002 suis

581 2025 1005 2094 prreccdentihus
1036 2030 1238 2086 meritis
1268 2032 1397 2086 suis.
1429 2031 1583 2101 Quod
1631 2048 1760 2100 sane
1803 2035 1888 2090 hic
1929 2038 2169 2092 nominat

579 2124 956 2175 testamentum
983 2162 996 2184 ,
1026 2121 1108 2176 vel
1135 2137 1292 2193 supra
1321 2165 1336 2188 ,
1355 2124 1443 2180 ubi
1465 2126 1538 2179 ait
1561 2167 1576 2190 ,
1606 2124 1977 2182 Testamentum
2003 2145 2167 2184 meum

578 2217 826 2262 eratcum
850 2214 1054 2274 eo;ch
1085 2213 1206 2280 hic,
1250 2215 1339 2269 ubi
1378 2233 1498 2271 eum
1537 2217 1670 2272 dixit
1714 2219 1959 2289 angelum
2000 2228 2166 2275 testa-

581 2301 746 2356 menti
778 2319 790 2354 :
828 2318 1021 2357 novum
1051 2307 1231 2374 procul
1269 2307 1431 2363 dubio
1471 2308 1867 2365 Testamentum
1908 2310 2168 2368 debemus

579 2391 826 2460 accipere
853 2435 864 2456 ,
895 2394 979 2447 ubi
1010 2397 1364 2466 sempiterna;
1394 2413 1497 2452 non
1530 2409 1683 2455 vetus
1710 2442 1726 2466 ,
1758 2400 1846 2455 ubi
1894 2410 2166 2470 tempora-

578 2479 648 2534 lia
681 2491 803 2536 sunt
834 2486 1093 2553 promissa
1125 2505 1136 2540 :
1164 2503 1281 2557 qua:
1310 2504 1405 2558 pro
1442 2505 1633 2560 magno
1661 2491 1918 2548 habentes
1949 2494 2164 2563 plurimi

579 2571 774 2626 inﬁrmi
799 2616 815 2642 ,
845 2585 896 2629 et
928 2575 1036 2631 Deo
1066 2593 1192 2631 vero
1225 2580 1407 2634 talium
1440 2597 1620 2635 rerum
1649 2583 1898 2639 mercede
1928 2586 2166 2640 servien-

579 2672 661 2718 tes
683 2703 697 2727 ,
729 2665 940 2734 quando
971 2667 1151 2732 vident
1177 2669 1252 2722 eis
1283 2669 1472 2739 impios
1501 2671 1772 2728 abundare
1796 2714 1812 2742 ,
1859 2675 2158 2732 turbantur.

576 2751 802 2822 Propter
853 2758 995 2826 quod
1040 2759 1177 2813 idem
1224 2761 1477 2831 prOpheta
1506 2807 1520 2830 ,
1567 2775 1622 2818 ut
1672 2766 1794 2821 novi
1835 2768 2164 2832 Testamenti

573 2842 952 2901 beatitudinem
985 2856 1238 2904 aeternam
1265 2895 1280 2918 ,
1311 2869 1429 2922 que
1462 2869 1567 2908 non
1595 2853 1807 2910 dabitur
1833 2858 1932 2914 nisi
1964 2859 2118 2914 bonis
2142 2903 2159 2930 ,

577 2931 924 3005 distingueret
951 2955 979 2992 a
1002 2943 1196 2995 veteris
1217 2949 1431 2999 terrena
1459 2943 1712 3002 felicitate
1739 2987 1754 3012 ,
1784 2962 1903 3017 quas
1929 2950 2163 3018 plerum-

576 3043 681 3096 que
709 3027 863 3082 datur
892 3039 945 3084 et
972 3032 1124 3087 malis
1165 3051 1178 3085 :
1229 3033 1542 3105 Ingravastis
1569 3078 1586 3104 ,
1632 3038 1840 3110 inquit,
1889 3057 2042 3112 super
2083 3061 2162 3099 me

577 3121 723 3175 verba
749 3134 909 3175 vestra
932 3162 947 3188 ,
977 3124 1097 3178 dicit
1124 3123 1370 3181 Dominus
1394 3169 1407 3191 ,
1438 3138 1484 3182 et
1509 3128 1707 3184 dixistis
1731 3172 1747 3197 ,
1773 3131 1839 3184 In
1868 3149 1964 3202 quo
1990 3133 2158 3191 detra-
2196 3193 2198 3195 ,

571 3210 738 3264 erimus
760 3213 820 3265 de
849 3223 893 3266 te
913 3215 938 3266 ?
967 3213 1181 3269 Dixistis
1199 3257 1215 3283 ,
1260 3215 1430 3272 Vanus
1455 3228 1525 3274 est
1547 3220 1710 3274 omnis
1729 3222 1816 3291 qui
1843 3224 1989 3277 servit
2017 3223 2160 3291 Deo;

572 3305 763 3373 etquid
784 3307 897 3374 plus
921 3348 935 3370 ,
979 3309 1095 3376 quia
1137 3311 1497 3367 custodivimus
1530 3312 1898 3370 observationes
1927 3316 2034 3386 ejus
2053 3359 2067 3384 ,
2111 3327 2158 3372 et

571 3395 691 3463 quia
716 3397 1077 3453 antbulavimus
1102 3402 1444 3471 supplicantes
1468 3412 1585 3457 ante
1604 3404 1784 3474 faciem
1809 3407 2018 3460 Domini
2043 3425 2157 3461 om-

573 3485 889 3552 nipotentis?
931 3488 995 3544 Et
1029 3507 1160 3544 nunc
1191 3508 1280 3547 nos
1312 3493 1654 3562 beatiﬁcamus
1687 3495 1878 3551 alienos
1902 3539 1916 3565 ,
1958 3509 2003 3563 et
2034 3515 2158 3554 rete-

572 3578 846 3646 diﬁcautur
871 3597 1040 3635 omnes
1069 3584 1152 3652 qui
1179 3584 1372 3652 faciunt
1404 3585 1576 3656 iniqua
1599 3602 1618 3641 :
1655 3597 1702 3642 et
1744 3588 1995 3644 adversati
2041 3604 2156 3647 situt

569 3665 680 3722 Deo
703 3707 718 3732 ,
744 3678 790 3721 et
812 3670 937 3723 salvi
966 3672 1089 3741 facti
1126 3683 1262 3726 sunt.
1306 3672 1432 3728 liceo
1462 3676 1682 3730 oblocuti
1717 3689 1870 3746 sunt,
1899 3681 1985 3750 qui
2010 3682 2156 3734 time.

571 3760 690 3810 baut
718 3757 993 3814 Dominum
1015 3803 1028 3825 ,
1067 3766 1406 3833 unusquisque
1433 3767 1500 3819 ad
1531 3769 1816 3836 proximum
1853 3787 2000 3823 suum
2041 3791 2059 3824 :
2111 3785 2156 3825 et

570 3851 923 3908 animadvertit
965 3853 1239 3924 Dominus,
1277 3869 1322 3911 et
1364 3860 1594 3915 audivit:
1644 3871 1690 3916 et
1729 3865 1930 3934 scripsit
1973 3866 2156 3921 librant

567 3943 821 3996 memoria:
839 3943 890 3996 in
919 3957 1184 4014 conspectu
1210 3965 1300 4002 suo
1323 3991 1337 4014 ,
1367 3951 1434 4004 eis
1455 3951 1542 4021 qui
1567 3952 1741 4008 timent
1770 3953 2043 4011 Dominum
2067 4001 2080 4023 ,
2110 3969 2155 4013 et

567 4045 852 4090 reverentur
880 4055 1059 4092 nomen
1085 4041 1211 4110 ejus.
1243 4041 1349 4096 Isto
1375 4043 1510 4099 libro
1548 4045 1900 4116 significatum
1940 4060 2018 4105 est
2061 4051 2154 4107 Te~

569 4134 893 4182 stamcntum
916 4128 1146 4184 Novum.
1197 4133 1432 4204 Denique
1475 4136 1618 4205 quod
1659 4139 1899 4208 sequitur
1922 4182 1937 4207 ,
1965 4142 2154 4198 audia-

565 4233 684 4271 tntts
716 4237 727 4272 :
765 4219 831 4273 Et
867 4231 1011 4274 erunt
1057 4224 1181 4278 milii
1203 4267 1218 4292 ,
1265 4225 1382 4278 dicit
1423 4225 1674 4283 Dominus
1711 4232 2058 4302 omnipotens,
2100 4236 2154 4289 in

568 4307 699 4361 diem
728 4309 769 4374 ³,
797 4328 894 4381 qua
922 4329 1013 4382 ego
1042 4315 1174 4385 facio
1199 4357 1211 4380 ,
1235 4316 1286 4369 iu
1307 4318 1682 4387 acquisitionem
1705 4337 1724 4387 ;
1751 4330 1798 4375 et
1823 4323 2003 4392 eligam
2026 4342 2109 4380 eos
2133 4368 2148 4394 ,

567 4409 694 4458 sicut
721 4401 870 4455 liomo
891 4403 1028 4474 eligit
1055 4403 1074 4434 ⁸
1103 4405 1268 4473 [ilium
1297 4425 1442 4462 suum
1468 4410 1758 4467 servientem
1779 4414 1876 4467 sibi
1899 4431 1916 4468 .'
1955 4425 2001 4470 et
2033 4433 2151 4470 con-

564 4493 824 4548 vertcmini
846 4536 861 4560 ,
895 4504 940 4547 et
964 4495 1190 4552 videbitis
1212 4499 1339 4552 inter
1349 4502 1545 4573 justum
1567 4513 1612 4557 et
1641 4505 1885 4576 injustam
1911 4550 1926 4574 ,
1959 4519 2004 4562 et
2024 4509 2150 4565 inter

559 4582 848 4637 servientem
883 4582 990 4645 Deo
1015 4626 1028 4650 ,
1071 4596 1119 4641 et
1154 4605 1252 4642 non
1277 4592 1583 4648 servientem.
1621 4594 1875 4663 Quoniam
1903 4615 2017 4652 cccc
2043 4602 2148 4656 dies

563 4672 697 4724 venit
739 4674 922 4731 ardens
962 4677 1091 4732 sicut
1130 4679 1356 4735 clibanus
1383 4724 1398 4749 ,
1445 4693 1493 4738 et
1536 4689 1868 4743 concremabit
1913 4707 1996 4744 eos
2040 4707 2059 4745 :
2101 4703 2150 4746 et

562 4772 714 4816 erunt
734 4780 902 4819 oumes
931 4769 1224 4840 alienigena:
1248 4813 1261 4838 ,
1293 4784 1339 4826 et
1370 4789 1540 4830 omnes
1568 4777 1808 4846 facientes
1832 4780 2146 4851 iniquitatem

559 4856 747 4924 stipula
771 4898 785 4922 ,
812 4869 857 4912 et
881 4860 1109 4917 incendet
1136 4864 1250 4920 illos
1277 4868 1382 4922 dies
1409 4870 1497 4939 qui
1523 4870 1751 4926 adveniet
1774 4913 1791 4940 ,
1815 4874 1938 4928 dicit
1966 4857 2144 4930 Domi-

562 4961 658 5000 nus
701 4950 1060 5020 omuipotens:
1104 4966 1148 5009 et
1190 4975 1288 5011 non
1330 4961 1701 5033 derelinquetur
1745 4982 1918 5023 eorum
1955 4969 2142 5038 radix,

558 5053 715 5107 neque
757 5051 1086 5099 sarmentum.
1126 5044 1194 5100 Et
1233 5049 1419 5103 orietur
1452 5053 1586 5107 vobis
1623 5055 1909 5114 timentibus
1959 5077 2143 5116 nomen

556 5147 722 5188 meum
750 5175 764 5200 ,
796 5135 874 5188 sol
887 5136 1106 5206 justitiw
1128 5155 1146 5193 :
1171 5149 1217 5194 et
1255 5143 1448 5198 sanitas
1471 5145 1522 5198 in
1551 5149 1727 5217 pennis
1755 5151 1864 5221 ejus
1893 5168 1912 5205 :
1954 5163 2000 5207 et
2030 5155 2142 5208 exi-

557 5224 668 5284 bitis
693 5266 707 5291 ,
747 5234 791 5279 et
831 5227 1143 5286 exsultabitis
1187 5232 1313 5288 sicut
1357 5235 1501 5294 vituli
1539 5254 1601 5293 ea:
1638 5239 1852 5298 vinculis
1893 5244 2143 5316 resoluti;

618 5405 636 5436 ι
671 5404 828 5455 Codex
849 5406 957 5467 258,
981 5409 1181 5464 mittam.
1245 5419 1303 5463 Μ.

553 5538 583 5578 a
605 5467 948 5602 Iza$:3}
973 5474 1202 5526 Dominus
1219 5485 1346 5527 Deus
1362 5477 1669 5542 amnipotens.
1693 5491 1812 5545 vox,
1833 5493 1978 5548 Deus,
2001 5487 2144 5541 abest

787 5567 800 5578 ι
859 5548 872 5577 l
937 5567 949 5579 .

787 5548 823 5578 :r
827 5548 949 5579 IDUS.

555 5590 811 5714 puhggfg»
840 5590 890 5643 ἱη
913 5593 1010 5644 die.
1036 5597 1232 5650 Codices
1255 5607 1380 5662 Mss.
1404 5600 1452 5652 in
1473 5602 1600 5656 diem
1621 5619 1639 5657 :
1660 5608 1800 5671 juxta
1822 5621 2036 5675 grteeum
2059 5621 2142 5665 Se-

619 5711 640 5742 δ
672 5711 820 5768 nostri
844 5717 1053 5783 codices,
1074 5721 1213 5787 elegit
1236 5722 1390 5778 homo.
1455 5735 1509 5779 at.

1654 274 1742 331 DE
1777 274 2095 332 CIVITATE
2136 273 2270 340 DEI,
2311 273 2369 331 s.
2411 275 2776 334 AUGUSTINI
3673 294 3742 350 εςε

2287 399 2333 444 et
2384 391 2735 446 conculcabitis
2779 392 2972 462 iniquos
2996 435 3008 459 ,
3053 405 3097 449 et
3141 405 3288 450 erunt
3325 399 3442 453 cinis
3480 402 3556 455 sub
3597 408 3748 473 pedibus

2281 483 2454 535 vestris
2481 483 2532 534 in
2558 483 2638 535 die
2659 525 2675 550 ,
2715 485 2768 537 in
2791 500 2889 554 quo
2915 500 3006 555 ego
3031 487 3156 555 facio
3183 530 3200 554 ,
3239 489 3357 542 dicit
3395 489 3604 548 Dominus
3638 503 3751 551 οιιιιιξ.

2283 582 2457 642 potens
2503 572 2524 645 (
2553 571 2777 627 Malae/1.
2811 590 2903 641 ιιι,
2951 577 3145 642 1548;
3187 595 3256 644 tv,
3286 581 3382 634 1-5
3405 581 3438 650 ).
3487 584 3566 638 llic
3598 596 3660 638 est
3695 592 3752 656 qui

2280 661 2477 717 dicitur
2501 663 2615 718 dies
2637 663 2820 733 iudicii
2853 683 2868 719 :
2895 664 2961 720 de
2988 682 3090 736 quo
3113 682 3211 722 suo
3241 669 3354 724 loco
3375 712 3390 736 ,
3415 672 3456 724 si
3491 672 3608 728 Deus
3625 677 3755 732 voluc-

2278 749 2385 822 rit,
2419 755 2695 824 loquemur
2721 756 2957 812 uberius.

2325 865 2552 922 CAPUT
2593 866 2830 923 XXXVI.
2860 898 2933 909 —
2971 869 3048 924 De
3093 870 3263 925 Esdra
3301 882 3346 926 et
3384 873 3515 931 libris
3558 876 3722 934 Macha-

2948 966 3184 1018 binorum.

2349 1075 2474 1130 Post
2520 1075 2616 1131 hos
2663 1085 2771 1132 tres
2816 1080 3136 1148 prophetas,
3189 1084 3468 1151 Aggumm,
3509 1085 3758 1158 Zachariam,

2275 1167 2588 1224 Malachiam
2611 1211 2626 1236 ,
2670 1186 2764 1240 per
2806 1170 2946 1226 idem
2989 1182 3198 1242 tempus
3228 1174 3538 1232 liberationis
3561 1182 3701 1250 populi
3720 1197 3762 1241 et

2279 1260 2595 1332 Babylonica
2627 1263 2880 1319 servitute
2909 1266 3121 1335 scripsit
3146 1268 3310 1320 etiam
3339 1269 3536 1337 Esdras,
3557 1273 3630 1342 qui
3652 1291 3762 1334 mags-

2276 1367 2451 1406 rerum
2477 1364 2744 1423 gestarum
2769 1356 2996 1425 scriptor
3024 1367 3107 1414 est
3130 1357 3363 1426 habitus,
3388 1378 3532 1430 quam
3549 1366 3762 1434 pr0phen:

2275 1445 2427 1502 sicuti
2455 1455 2536 1500 est
2562 1457 2617 1502 et
2664 1447 2799 1503 liber
2821 1491 2837 1516 ,
2889 1451 2978 1520 qui
3007 1453 3310 1520 appellatur
3336 1455 3517 1515 Esther
3544 1475 3556 1510 :
3581 1459 3765 1527 cujusrrs

2273 1548 2421 1606 gesta
2451 1537 2501 1592 in
2529 1539 2736 1595 laudem
2771 1541 2862 1594 Dei
2892 1557 2998 1596 non
3030 1543 3189 1614 longe
3218 1545 3286 1599 ab
3312 1545 3392 1601 his
3418 1551 3692 1617 temporibus
3713 1554 3766 1604 in-

2274 1632 2482 1685 venitur
2511 1651 2521 1686 :
2555 1633 2654 1688 nisi
2703 1632 2838 1689 forte
2879 1635 3078 1691 Esdras
3117 1637 3171 1691 in
3204 1653 3272 1692 eo
3316 1638 3564 1696 Christum
3608 1645 3768 1713 prurire

2275 1730 2416 1777 tasse
2451 1723 2821 1792 intelligendus
2848 1733 2958 1792 est,
2999 1725 3143 1796 quod
3187 1727 3329 1783 inter
3351 1729 3560 1799 juvenes
3582 1735 3766 1803 quosdam

2274 1823 2386 1868 orta
2412 1817 2708 1885 qumstione
2730 1859 2745 1880 ,
2785 1817 2917 1887 quid
2946 1819 3177 1889 amplius
3204 1821 3406 1876 valeret
3433 1823 3481 1877 in
3505 1824 3666 1889 rebus;
3688 1841 3766 1880 cum

2273 1920 2428 1975 reges
2471 1923 2606 1960 unus
2635 1908 2856 1972 dixisset
2883 1952 2897 1977 ,
2946 1911 3079 1967 alter
3106 1912 3297 1966 vinum
3323 1954 3338 1978 ,
3379 1916 3554 1968 tertius
3573 1917 3766 1982 mulieris,

2272 2012 2390 2065 qua:
2417 1998 2731 2069 plerumque
2754 2000 2969 2070 regibus
2995 2002 3330 2072 imperarent
3353 2021 3366 2056 :
3398 2004 3526 2059 idem
3549 2018 3766 2062 tumente:-

2273 2089 2376 2144 tius
2413 2091 2687 2146 veritatem
2717 2109 2876 2163 super
2901 2095 3078 2148 omnia
3108 2094 3497 2151 demonstravit
3522 2114 3622 2154 esse
3643 2101 3766 2153 victri-

2271 2194 2385 2235 cem
2405 2181 2492 2250 (lll
2512 2181 2714 2247 Esdm’,
2740 2200 2814 2250 tu,
2839 2185 2870 2239 9
2889 2183 3050 2254 seqq.)
3087 2183 3191 2257 (α).
3216 2187 3468 2242 Consulto
3489 2197 3637 2244 autem
3655 2190 3765 2244 Eran-

2269 2271 2425 2340 gclio,
2463 2272 2730 2327 Christum
2762 2276 3133 2344 cognoscimus
3168 2293 3297 2334 esse
3332 2281 3605 2336 veritatem.
3626 2279 3687 2334 Ab
3705 2281 3766 2335 hoc

2271 2371 2510 2432 tempore
2535 2365 2672 2433 apud
2713 2365 2927 2421 Iudaeos
2953 2368 3210 2422 restituto
3259 2370 3455 2438 templo
3478 2411 3492 2433 ,
3534 2385 3623 2424 non
3649 2385 3764 2440 reges,

2269 2453 2363 2508 Sed
2417 2457 2684 2524 principes
2734 2455 2952 2512 fuerunt
2996 2474 3170 2530 usque
3220 2459 3294 2515 ad
3339 2462 3664 2515 Aristobulum
3686 2461 3762 2530 (ll:

2269 2560 2493 2614 quorum
2519 2548 2820 2616 supputatio
2860 2559 3160 2620 temporum
3193 2567 3302 2604 non
3335 2551 3388 2604 in
3419 2552 3666 2620 Seripturis
3684 2565 3765 2602 sin-

2269 2639 2387 2703 etis,
2414 2654 2530 2708 quaz
2561 2641 2830 2695 canonica:
2855 2643 3217 2711 appellantur,
3247 2643 3343 2698 sed
3363 2644 3414 2698 in
3438 2644 3546 2698 aliis
3560 2645 3762 2707 invenitur,

2270 2731 2320 2784 in
2360 2733 2551 2801 quibus
2595 2742 2718 2786 sunt
2745 2741 2799 2788 et
2832 2733 3264 2790 Machabznorum
3292 2735 3412 2789 libri
3441 2736 3504 2805 (c)
3527 2777 3540 2800 ,
3567 2751 3672 2805 quos
3698 2749 3764 2786 uua

2267 2824 2457 2896 Judaei,
2490 2827 2580 2880 sed
2611 2827 2846 2880 Ecclesia
2875 2842 2969 2896 pro
2993 2827 3272 2882 canonicis
3299 2827 3475 2893 habet,
3497 2837 3763 2897 propterque

2267 2919 2508 2974 rumdam
2539 2922 2828 2992 Martyrum
2874 2923 3150 2992 passiones
3190 2922 3530 2978 vehementes
3559 2932 3683 2990 atque
3703 2919 3764 2971 mi—

2267 3012 2460 3066 rabilcs
2479 3055 2492 3079 ,
2521 3014 2608 3080 qui
2640 3026 2920 3083 antequam
2951 3015 3200 3070 Christus
3227 3017 3460 3071 venisset
3488 3017 3535 3070 in
3561 3029 3718 3069 carnem
3737 3013 3760 3076 ¹,

2265 3121 2432 3176 usque
2460 3106 2524 3159 ad
2554 3118 2777 3162 mortem
2803 3123 2895 3176 pro
2923 3109 3012 3163 Dei
3058 3109 3175 3179 lege
3206 3119 3576 3179 certaverunt,
3608 3117 3651 3165 et
3670 3108 3758 3162 mali

2263 3200 2570 3269 gravissima
2594 3212 2752 3270 atque
2773 3202 3044 3272 horribilia
3069 3204 3426 3273 pertulerunt.

2265 3351 2491 3408 CAPUT
2552 3354 2816 3411 XXXVII.
2873 3387 2945 3397 -—
3012 3357 3163 3422 Quod
3228 3359 3520 3431 prapbetica
3564 3359 3760 3411 auctoritas

2335 3445 2472 3499 onmi
2514 3448 2709 3518 origine
2749 3448 2951 3518 gentilis
2992 3449 3340 3520 pltilosOpItite
3386 3451 3637 3506 inveniatur
3667 3449 3760 3499 nnti-

2331 3554 2494 3607 qutor.

2291 3717 2296 3721 .
2333 3669 2596 3740 Tempore
2623 3674 2782 3742 igitur
2805 3674 3196 3745 Prophetarum
3237 3687 3564 3744 nostrorum,
3601 3687 3759 3745 quorum

2255 3762 2366 3832 jam
2406 3765 2598 3834 scripta
2650 3765 2715 3819 ad
2757 3767 2992 3822 notitiam
3042 3768 3151 3823 fere
3196 3770 3434 3824 omnium
3463 3771 3660 3840 gentium
3681 3781 3757 3835 per-

2259 3865 2558 3922 venerunt,
2593 3857 2890 3934 philosophi
2918 3859 3152 3928 gentium
3188 3862 3424 3916 nondum
3468 3869 3635 3922 erant,
3669 3856 3757 3925 qui'

2262 3946 2361 4002 hoc
2401 3949 2562 4003 etiam
2607 3952 2820 4006 nomine
2863 3963 3220 4020 vocarentur,
3280 3955 3417 4026 quod
3458 3955 3600 4022 C(Bpit
3640 3966 3662 4004 .1
3690 3949 3752 4004 Sa-

2261 4040 2368 4094 mio
2428 4041 2760 4111 Pythagora,
2815 4045 2902 4112 qui
2955 4060 3022 4099 eo
3060 4055 3339 4115 tempore,
3387 4061 3487 4116 quo
3525 4044 3752 4099 ludxorum

2257 4140 2339 4186 est
2384 4133 2550 4186 soluta
2593 4133 2897 4202 captivitas,
2943 4138 3104 4205 coepit
3145 4138 3410 4192 excellere
3447 4146 3587 4206 atque
3611 4144 3731 4201 cogito

2257 4219 2392 4290 scit
2415 4222 2507 4293 d).
2550 4223 2712 4279 Multo
2749 4241 2875 4297 ergo
2917 4229 3083 4297 magis
3136 4229 3316 4284 caeteri
3368 4225 3632 4298 philosophi
3671 4227 3747 4289 post

2320 4410 2339 4446 ι
2375 4416 2476 4458 Mss.
2486 4447 2498 4466 ,
2525 4408 2574 4458 in
2597 4424 2757 4461 carne.

2318 4473 2338 4503 ³
2370 4457 2547 4542 omnes
2561 4457 2666 4522 iis;
2683 4457 2814 4542 post,
2827 4480 3164 4542 pervenerunt,
3176 4477 3248 4542 sic
3263 4474 3608 4542 prosequunlpl‘:
3621 4468 3656 4513 α
3666 4457 3743 4510 η’

2254 4538 2304 4581 to
2325 4534 2476 4596 magis
2491 4542 2592 4598 post
2615 4549 2693 4584 eos
2714 4534 2907 4598 [uerunt
2929 4537 3198 4602 pltilosOpln’
3219 4535 3456 4601 gentium,
3478 4534 3567 4594 qui.

2320 4617 2394 4689 (τι)
2418 4622 2607 4669 Tertius
2647 4620 2773 4670 liber
2810 4622 2987 4691 Esilrm,
3013 4623 3062 4670 in
3100 4635 3196 4691 quo
3225 4609 3737 4691 haee

2253 4670 2469 4729 continet
2483 4691 2621 4742 gesta
2645 4692 2759 4733 ante
2784 4670 3018 4733 t-isdrtrévt
3041 4670 3283 4732 Nelietnia:
3305 4681 3449 4728 libras
3465 4670 3737 4743 ιπεοράωιθδῖ

2253 4742 2464 4772 Mummi.
2487 4745 2608 4772 ...η-ιι
2630 4754 2814 4772 ιῚιηιίυ-ιρ
2839 4753 2885 4772 ,ιο
2913 4748 3165 4772 mum-unua
3187 4752 3254 4772 ,ιρι
3283 4752 3330 4772 οι
3364 4741 3509 4772 Farina:
3527 4741 3680 4772 nnmns.
3698 4727 3738 4772 Ai)

2253 4742 2468 4831 ἐριοφέὲ
2486 4741 2817 4831 seu
2839 4748 3261 4831 .ﬁ‘i.‘.‘f’“§ﬁ‘f§.§:?l
3282 4741 3694 4831 2‘.f5.‘.‘£‘f.".'i"i“iii

2252 4795 2468 4878 Origene
2491 4795 2665 4856 cimtur
2689 4815 2743 4857 ut
2765 4795 3036 4866 canonicus,
3063 4805 3313 4876 Humilia9
3336 4807 3384 4853 in
3404 4795 3560 4870 tusae;
3580 4795 3629 4841 ab
3649 4795 3736 4836 tum.

2253 4881 2387 4897 "ﬁt."
2433 4868 2554 4897 "‘“m
2590 4870 2620 4897 ’ξ
2657 4877 2818 4897 "Ann".
2853 4871 3063 4897 ⁶¹“;¹““¹““’
3090 4881 3114 4897 ¹“
3139 4876 3364 4897 "‘"ﬂ'mnn
3416 4857 3591 4897 Praemia
3620 4851 3676 4897 7‘.
3699 4844 3738 4892 sd

2253 4853 2405 4926 nstro,
2433 4853 2571 4916 mss
2590 4853 2819 4918 {castra
2841 4853 3116 4926 iussam
3139 4869 3381 4937 (:ypriano,
3416 4857 3592 4924 Epistola
3620 4853 3736 4959 tetra!

2253 4931 2526 4959 nn'rnnniunn
2565 4939 2608 4959 nl
2640 4930 2760 4959 In“...
2781 4932 2844 4959 An
2868 4929 3200 4959 ςὶιιηιιιιη-ἷιαιιι
3217 4928 3486 4959 almo-mrum
3519 4931 3607 4959 can.
3651 4915 3687 4959 Ι.
3704 4915 3736 4955 εί

2251 4913 2547 5001 inhibetur—1;
2565 4913 2616 5000 εἰ
2631 4913 3713 5008 ,ιῖιὶιλέίέἷέέίίἷὲίείὲλῖίίδιῖεόξὲιὲἣτξξὲὶιέῗῖέηίὶλξιέ

2252 4985 2542 5054 Augustinus
2567 4994 2757 5042 videtur
2780 4993 2857 5041 hic
2881 4985 2976 5040 ιιοῆ
2998 4992 3204 5040 obscure
3237 5003 3347 5062 eum
3370 4986 3536 5034 habere
3554 4989 3623 5049 pro
3639 4985 3733 5066 αωξῗ

2253 5056 2358 5079 “Lm
2405 5062 2454 5079 ..ι
2490 5056 2568 5079 nn:
2608 5055 2900 5079 ..ιη-πημαίνει
2943 5055 3046 5079 ηξηο
3092 5052 3386 5079 η-Λιάιοί-ιιηι
3417 5047 3476 5079 ΑΩ
3503 5043 3650 5079 Ηιηςιο
3673 5033 3731 5079 ὠ-ΞΙ

2252 5043 2377 5106 ιιίὁὸ,
2405 5062 2457 5102 ut
2489 5056 2570 5114 qui
2607 5055 2900 5103 sententiam
2941 5055 3049 5117 ejus
3091 5052 3386 5116 pmphetiam
3417 5047 3476 5096 de
3503 5043 3650 5092 αιτίαο

2646 5124 3084 5199 9999J§E§.M--nn-
3125 5174 3346 5199 -..Μηροζο
3395 5161 3636 5199 ιηῖειηῑιιιιης
3660 5155 3728 5199 Eilis

2315 5161 2390 5239 to
2411 5161 2630 5250 huius
2653 5161 3086 5258 θδῖεξίιέδιηοτιυο
3125 5161 3726 5258 ξμοςὲιηριῑεεςξιεξίξέι

2248 5224 2390 5296 ﬁlius:
2414 5224 2496 5303 qui
2517 5224 2704 5301 primus
2718 5224 2944 5290 diadema
2959 5224 3185 5299 sumpsit,
3206 5224 3329 5288 anno
3351 5232 3433 5306 ιρι
3452 5235 3550 5280 ante
3563 5224 3712 5324 qlmstqg

2248 5307 2411 5324 ·“”“⁶·“”“
2460 5309 2622 5324 ιηηιιι-
2652 5303 2878 5324 hum-lum
2932 5302 3259 5324 n..a:.-..:.........
3289 5297 3545 5324 ...Αηυηρηιη
3583 5289 3659 5324 mm
3693 5291 3712 5321 α

2248 5285 2445 5366 astuti:
2453 5285 3264 5366 isauifiaséuissisequutua
3280 5297 3547 5349 Judaicarum
3567 5285 3659 5333 lim”0
3677 5285 3722 5330 ων

2247 5363 2722 5452 ωςλέὲἶδῇξὲωζ
2747 5425 2809 5452 ,ιη
2835 5426 3051 5452 ψυχης...»
3076 5425 3326 5452 [διωκάθω.
3368 5433 3397 5452 η
3439 5417 3506 5452 IK-
3547 5415 3586 5452 et
3615 5403 3674 5452 lib.
3703 5396 3716 5444 ί

2311 5415 2382 5488 '(c)
2416 5426 2532 5474 Vide
2570 5425 2654 5474 lib.
2681 5427 2712 5475 2
2747 5425 2810 5475 de
2835 5426 3052 5484 Doctrina
3076 5425 3345 5483 Christiana,
3368 5433 3415 5470 ιι.
3439 5417 3506 5471 l3,
3547 5415 3586 5459 et
3615 5415 3674 5452 ιιυ·

2245 5495 2412 5539 contra
2434 5488 2687 5549 Epistulam
2708 5488 2973 5559 Gaudentii.
3001 5502 3052 5536 ιι.
3074 5488 3152 5560 ξε.
3224 5548 3236 5560 ⁹
3409 5542 3420 5553 υ
3620 5532 3716 5573 “cf.

2313 5549 2390 5573 nn
2425 5550 2708 5573 πηιιιηηΑ-..μ
2735 5553 2890 5573 ιιη-....
2919 5549 3182 5573 alumnum“
3224 5555 3348 5573 ...οη
3373 5544 3597 5573 mnos:an

2312 5549 2392 5638 (Β)
2734 5544 3716 5638 visusvisus:insessum:

2249 5597 2390 5693 qua];
2409 5597 2914 5693 séxaggsima.—tiisum
2935 5597 3170 5693 russeus
3189 5597 3462 5693 ιιῑιριςρλιίεε
3482 5597 3713 5693 33;;

2247 5676 2359 5724 dem
2374 5662 2736 5739 sexagesimum
2759 5662 2951 5739 tertiam
2973 5662 3212 5739 celet-Cet
3233 5667 3390 5739 libato
3407 5665 3462 5734 de

2251 5723 2315 5787 ne
2339 5723 2635 5799 evangElic-a,
2662 5723 2775 5800 capi
2792 5723 3025 5800 3,7sjribit
3048 5723 3269 5788 duritiae
3291 5723 3523 5795 Olympiade
3554 5725 3691 5774 sexti;c
